3994 5242
126 545 351 639 necaonem]
709 541 940 611 OLYMPUS.
1479 547 1520 612 ’19

126 729 343 805 fornicatum
369 749 488 827 operae
517 737 554 802 et
579 727 834 826 pulcritudinis
861 728 1014 804 eximiae.
1069 728 1192 804 Velim
1219 728 1297 804 haec
1323 741 1451 806 notent
1472 733 1521 808 le·

125 861 253 948 gentes
275 861 426 948 propter
446 871 586 924 errores
610 847 649 920 in
673 872 775 944 quos,
797 849 920 922 nescio
936 873 1010 946 quo
1026 873 1123 936 casu,
1146 848 1275 923 incidit
1301 853 1519 948 praestantis·

126 970 239 1044 simus
265 967 514 1055 Coclrerellus
539 968 672 1066 quibus
701 993 811 1068 porro
839 969 968 1044 habuit
994 995 1044 1044 ex
1072 971 1127 1045 rei
1154 971 1366 1047 necessitate
1396 997 1519 1049 secum

126 1089 394 1164 consentientes
410 1088 645 1186 Walpolium,
668 1093 803 1185 quiex
828 1091 970 1166 schedis
992 1091 1071 1188 ejus
1099 1092 1247 1166 titulum
1277 1095 1519 1186 transtulerat,

127 1225 341 1310 ceterosque
357 1235 449 1308 qnos
465 1224 723 1286 commemorat
739 1213 839 1288 erud.
858 1215 986 1288 l'ranz.
1005 1213 1044 1289 in
1060 1214 1289 1290 lemmatibus
1306 1217 1380 1290 suis
1397 1216 1444 1290 ad
1459 1241 1519 1292 nn.

127 1340 237 1412 4305.
250 1337 383 1410 4310!

202 1455 316 1530 Ponit
343 1455 383 1530 in
410 1455 536 1554 primis
554 1454 596 1533 C.
618 1465 782 1552 repertos
809 1453 920 1528 fuisse
949 1454 1074 1528 titulos
1103 1455 1142 1528 in
1171 1465 1291 1530 tractu
1312 1455 1520 1554 Limyrensi

127 1599 242 1676 prope
258 1585 406 1673 portum
419 1573 586 1650 Phineka
604 1571 834 1674 (Prasia),
851 1569 935 1648 ideo
952 1572 1227 1672 Limyrensibus
1245 1573 1319 1648 suis
1336 1574 1520 1649 accensuit

127 1699 315 1776 Franzius.
351 1699 449 1773 Dein
462 1699 655 1774 traduntur
668 1698 746 1772 sine
756 1699 878 1795 aliqua
889 1699 1073 1772 mentione
1085 1695 1181 1772 facta
1196 1710 1370 1796 utrosque
1387 1699 1426 1773 in
1442 1723 1518 1773 uno

130 1817 333 1914 eodemque
350 1817 573 1892 monimento
589 1817 780 1892 exstitisse.
826 1817 982 1894 Gravior
994 1840 1083 1891 vero
1099 1815 1331 1916 indiligentia
1342 1817 1412 1892 fuit
1421 1817 1521 1915 quod

128 1935 345 2036 compendia
370 1937 595 2012 marmorarii
627 1961 775 2036 prorsus
802 1936 992 2036 ablegavit,
1023 1936 1063 2012 id
1091 1936 1192 2034 quod
1219 1937 1393 2013 lectiones
1421 1937 1521 2013 haud

128 2082 262 2156 paucas
293 2057 465 2132 turbavit.
519 2059 640 2131 Taceo
670 2057 808 2154 species
837 2057 1038 2131 litterarum
1069 2057 1296 2155 quarundam
1325 2058 1445 2134 minus
1474 2058 1521 2132 ad

129 2179 304 2252 amussim
328 2201 528 2275 expressas,
546 2199 657 2272 quum
685 2199 819 2275 gnarus
849 2176 916 2252 sim
943 2176 1014 2252 hoc
1039 2177 1161 2276 potius
1191 2176 1238 2252 ad
1267 2177 1522 2276 descriptionis

128 2297 320 2372 veritatem
337 2320 444 2393 quam
462 2296 509 2372 ad
526 2298 811 2373 enucleationem
832 2323 957 2373 sensus
974 2299 1169 2398 pertinere.

206 2423 382 2518 Quaedam
399 2449 497 2498 nunc
514 2422 669 2499 dicenda
689 2433 775 2498 sunt
797 2422 843 2498 de
862 2425 1001 2499 ratione
1024 2424 1122 2499 tituli
1139 2436 1177 2498 et
1192 2424 1410 2500 lectionibus
1429 2449 1520 2522 quas

129 2545 250 2640 retuli,
267 2544 402 2618 notulis
420 2541 574 2618 subinde
591 2543 813 2640 interpositis
830 2568 912 2641 quae
928 2543 975 2618 ad
991 2545 1175 2644 exegesim
1193 2555 1366 2642 spectent.

206 2665 360 2740 Constat
385 2663 424 2737 in
452 2662 578 2760 primis
607 2686 674 2735 nos
701 2660 834 2738 habere
867 2662 1140 2760 inscriptionem
1173 2685 1256 2765 quae
1288 2661 1336 2736 ad
1370 2661 1521 2736 classem

131 2785 395 2862 Gnomicorum
424 2781 581 2879 respicit,
608 2779 822 2856 concinnata
851 2779 942 2856 serie
969 2780 1227 2858 sententiarum
1260 2780 1452 2860 moralium
1484 2781 1524 2854 in

130 2904 297 2978 versibus
332 2901 573 3000 singularibus
614 2897 788 2974 ordinatis
828 2898 1028 2976 secundum
1068 2901 1248 2974 elementa
1285 2899 1522 2998 alphabetica

130 3025 216 3098 Hoc
243 3022 466 3097 intellexisse
491 3019 705 3117 jamdudum
734 3017 1014 3092 Boissonadum'
1042 3031 1203 3094 constet:
1231 3031 1408 3118 sequutus
1438 3044 1523 3094 eum

130 3147 328 3222 Franzius:
364 3145 601 3222 contenderat
629 3171 717 3222 vero
736 3145 954 3222 Welclrerns
982 3149 1204 3246 poematium
1232 3174 1311 3229 esse
1338 3141 1524 3248 δίστιχον,

169 3414 257 3476 'Ubi
270 3433 350 3492 supr.
361 3433 409 3492 pp.
424 3411 533 3474 isoes
554 3411 806 3488 LooWalpol.est
854 3414 934 3472 inter
945 3432 1048 3476 versus
1061 3413 1205 3492 singulos:
1225 3415 1280 3480 ubi
1293 3433 1372 3494 supr.
1387 3413 1491 3493 peno.

130 3519 161 3577 in
174 3517 242 3577 Ibis.
256 3536 285 3594 p.
297 3519 365 3580 539.
378 3515 458 3574 unde
475 3523 506 3573 et
519 3513 600 3573 dedit
610 3512 805 3572 Boissonsdus
894 3511 977 3570 Dicit
996 3531 1083 3590 porro
1102 3513 1270 3572 Boissonad.
1287 3513 1404 3574 Oraculi
1416 3515 1523 3574 sidem

131 3619 162 3677 in
184 3616 315 3676 editione
336 3635 390 3673 sna
405 3613 547 3673 versionis
575 3614 682 3672 Graes
709 3613 804 3670 Mate-
854 3629 1085 3688 aamercort.
1112 3612 1247 3672 Dixerim
1259 3612 1374 3690 potius3
1394 3613 1525 3674 collectio

131 3717 246 3796 morph-
260 3715 345 3774 Ovid.
358 3716 452 3774 instar
465 3713 661 3794 supplementi
674 3712 711 3771 sd
723 3723 807 3772 notas
856 3711 1068 3770 sententiarum
1090 3731 1108 3769 a
1129 3710 1256 3788 quodam
1277 3712 1526 3792 paroemiogrspho

132 3817 199 3876 libr.
209 3831 275 3874 xm.
289 3813 322 3872 in
335 3813 517 3883 minusculis,
531 3812 643 3872 notulis
656 3811 747 3870 advv.
760 3811 805 3872 ll.
852 3809 949 3874 instar
961 3809 1074 3868 oraculi
1085 3809 1208 3888 prolata,
1229 3809 1420 3886 quamquain
1431 3811 1525 3870 moni·

136 3915 179 3973 13.
202 3910 355 3986 subjectis.
395 3909 473 3968 Vide
493 3907 667 3969 Bibliothec
688 3907 806 3970 Classis·
856 3917 955 3970 mento
974 3907 1064 3973 incidi
1081 3917 1244 3980 curaverat,
1259 3917 1296 3968 ut
1312 3907 1388 3968 alter
1405 3909 1525 3986 qnidam

133 4011 197 4072 tes
214 4009 363 4078 Lsrnairii,
381 4011 465 4068 1822.
505 4007 674 4066 Ediderunt
688 4025 805 4084 quoque
853 4007 885 4066 in
904 4027 980 4086 rupe
999 4027 1090 4086 props
1104 4009 1241 4068 Castrum
1257 4007 1356 4066 sedern
1372 4007 1464 4068 ferme
1481 4019 1524 4068 te·

134 4111 258 4172 Graefiue
271 4119 302 4171 et
313 4108 494 4179 Welckems,
506 4127 634 4186 quornm
646 4107 728 4166 lectt
736 4125 804 4166 con-
854 4126 925 4166 nore
934 4105 1131 4184 compositam.
1151 4105 1234 4167 cont
1240 4105 1341 4164 Frena
1350 4104 1401 4184 (ex
1411 4105 1523 4166 Scbiin-

135 4212 206 4270 tulit
218 4209 371 4270 Franzins.
853 4202 954 4277 born.)
966 4205 1021 4264 ubi
1034 4223 1115 4284 supr.
1128 4223 1158 4284 p.
1171 4207 1236 4272 190.
1250 4203 1376 4270 arata.
1386 4221 1410 4264 ο.

173 4315 189 4346 ¹
203 4311 324 4390 Nempe,
332 4307 507 4387 interposita
520 4306 709 4368 distinctione
718 4307 807 4387 plena

819 4401 874 4466 nl
