3994 5242
132 545 237 592 maon.
252 520 394 608 curura]
664 513 730 578 AN
732 509 1003 578 TIPHELLUS.
1481 504 1523 568 23

129 717 203 788 vim
221 706 433 806 hujusmodi
449 705 580 779 litterae
597 709 639 796 -Ι-
652 701 836 776 adhaerere
849 723 1029 797 agnoscas,
1043 695 1272 792 advenasque
1286 695 1397 768 solam
1416 715 1524 788 quam

129 843 299 934 poterant
315 828 362 902 ad
382 851 460 900 eam
477 819 804 921 repraesentandam
821 817 1024 892 adscivisse.

203 957 274 1029 VL
305 952 474 1028 Taureae.
525 949 609 1021 Hoc
626 945 673 1018 ad
689 944 847 1017 litteram
866 929 956 1031 vids,
976 933 1107 1013 τέκνον
1122 937 1235 1037 (conf.
1252 963 1286 1010 v.
1299 937 1364 1035 3.),
1383 935 1523 1010 sedhic

129 1096 202 1147 una
226 1093 307 1144 cam
332 1087 531 1166 praegresso
550 1056 747 1138 euocato]
769 1056 914 1128 videtur
939 1053 1158 1151 respondere
1177 1052 1307 1127 Graeco
1325 1056 1521 1160 Ἀντιφελ.

129 1205 248 1300 lime.
303 1201 432 1276 Prodit
454 1200 523 1274 hac
548 1198 688 1272 ratione
713 1193 888 1290 loquendi
909 1191 1064 1265 formula
1085 1190 1255 1264 notabilis
1279 1189 1422 1286 qualem
1441 1211 1523 1260 cum

131 1334 271 1408 solenni
289 1327 530 1406 Orientalium
546 1321 709 1398 conferre
727 1343 853 1416 queas:
881 1341 937 1391 ex.
956 1343 983 1391 c.
1004 1315 1231 1415 Usslss'llsslb
1256 1317 1294 1388 in
1309 1337 1395 1388 Lxx.
1415 1307 1476 1385 καὶ
1491 1307 1526 1382 οἱ

132 1451 202 1527 υἱοὶ
232 1447 440 1526 ἀνατολῶν.
506 1448 678 1523 Ceterum
706 1443 753 1516 de
780 1442 851 1517 hoo
878 1441 1061 1515 idiotismo
1088 1439 1194 1514 latius
1224 1463 1414 1538 progresso
1440 1437 1523 1511 vide

132 1589 240 1650 nostr.
260 1571 395 1647 Fascio.
408 1593 447 1644 11.
467 1569 560 1642 titul.
579 1563 776 1664 Aphrodis.
788 1586 846 1636 ux.

205 1693 350 1766 Vocem
379 1689 494 1787 ipsam
520 1684 662 1761 tcdeeme
689 1682 793 1778 quasi
819 1679 982 1755 nondum
1010 1704 1032 1752 a
1060 1679 1266 1778 linguarum
1295 1678 1525 1752 orientalium

133 1814 257 1912 peritis
275 1809 500 1906 exploratam
517 1815 619 1879 notat
637 1801 846 1898 Sbarpius'3
871 1823 991 1896 neque
1007 1810 1124 1872 tentat
1139 1799 1216 1895 ipse
1229 1797 1286 1870 vir
1306 1797 1524 1895 ingeniosus.

135 1935 252 2032 Atqui
275 1941 492 2006 succurrunt
508 1927 608 2002 varia
632 1949 714 2022 quae
730 1937 878 2022 etymon
897 1922 1084 2021 probabile
1102 1918 1342 2017 suppeditant.
1394 1921 1469 2005 Est,
1487 1921 1525 1992 in

134 2061 268 2160 primis,
298 2056 532 2134 Shemitioum
552 2056 643 2149 Dp,
664 2051 796 2124 Persic.
814 2061 853 2123 et
869 2049 1016 2122 Arabio.
1035 2071 1089 2168 po,
1108 2048 1239 2144 quibus
1266 2045 1448 2119 addideris
1474 2047 1526 2120 loo

137 2179 293 2282 (Arab.)
312 2189 350 2251 et
366 2175 463 2276 lim,
491 2173 606 2273 ⁸2¹!ss
627 2169 808 2270 (Aram),
834 2193 947 2264 quum
972 2167 1039 2241 filii
1062 2169 1134 2241 sint
1153 2179 1341 2264 parentum
1360 2167 1528 2265 sanquine

136 2294 255 2376 creati.
284 2291 424 2400 ἐξόχως
440 2295 695 2396 eoaaattquittei.
748 2297 816 2369 Est
841 2318 986 2390 quoque
1013 2295 1114 2394 tm,
1141 2291 1266 2368 amatia
1288 2317 1380 2382 eaae;
1406 2293 1526 2381 immo,

137 2420 234 2516 quod
250 2422 325 2496 levi
342 2418 619 2517 transpositione
636 2416 732 2492 facta
748 2415 795 2490 ad
811 2427 976 2489 nostrum
992 2416 1158 2512 proxime
1176 2413 1324 2500 accedit,
1335 2414 1527 2488 Persarum

137 2545 231 2630 alala,
254 2571 366 2646 pater.
424 2543 488 2619 Sin
512 2541 591 2616 hoeo
617 2541 737 2614 minus
755 2538 947 2626 arrideant,
964 2539 1080 2612 filium
1105 2539 1219 2637 possis
1237 2561 1367 2612 vocare
1386 2540 1529 2616 ledeama

138 2669 239 2766 quasi
260 2659 491 2762 δεδμημένον
511 2653 798 2758 (δεδεμημένον)
829 2689 853 2738 a
884 2656 993 2756 δέμω,
1026 2664 1138 2761 idque
1177 2689 1242 2762 per
1280 2663 1528 2762 metaphoram

139 2815 205 2863 usu
221 2790 318 2864 inter
336 2786 528 2862 orientales
545 2785 824 2882 comprobatum,
842 2807 972 2883 nempe
990 2784 1123 2859 aedium
1137 2783 1415 2859 domesticarum
1433 2787 1529 2861 colu·

139 2936 229 2985 men.
282 2911 365 2985 Hac
381 2911 527 2984 notione
545 2899 1031 3006 consutamt'bexicographi
1054 2909 1117 3004 qui
1134 2909 1247 2982 Hebr.
1262 2910 1312 2999 12,
1339 2909 1452 2982 Arab.
1472 2944 1528 3019 up,

140 3037 225 3132 quin
243 3048 281 3110 et
296 3037 368 3134 Πξ,
387 3035 488 3128 mla,
506 3034 574 3108 sub
590 3033 712 3108 radice
730 3033 806 3132 Πξξ
822 3033 1009 3107 collocant.

211 3157 301 3232 VII.
337 3139 488 3257 ὄῖιψρθ.
540 3157 624 3230 Ηοο
650 3154 812 3228 reddunt
835 3154 958 3253 plures
981 3180 1060 3255 pro.
1131 3155 1264 3228 Nescio
1291 3157 1436 3250 rectius,
1464 3160 1531 3231 etsi

142 3277 351 3352 Grotefend
370 3279 409 3351 in
426 3279 591 3353 versione
606 3303 671 3352 sua
687 3278 745 3351 cit.
762 3301 856 3375 supr.
873 3277 956 3352 siclt.
1007 3277 1092 3350 Hoc
1109 3288 1232 3350 tenere
1249 3299 1402 3371 nequeo,
1419 3301 1532 3372 quum

142 3403 180 3476 in
205 3405 284 3502 ipso
308 3404 416 3478 titulo
440 3403 638 3478 habeamus
663 3427 848 3501 quaecum
874 3395 991 3503 ἑαυτῷ
1015 3403 1144 3477 melius
1169 3402 1357 3500 quadrent,
1385 3415 1423 3476 et
1447 3403 1533 3499 quia

141 3525 335 3598 convenire
352 3549 508 3622 agnosco
533 3523 627 3597 illud
651 3523 741 3598 locis
758 3524 899 3599 cunctis
924 3524 1133 3619 ubicunque
1150 3523 1268 3620 reperi
1284 3529 1423 3624 oz‘arppc,
1440 3523 1532 3596 etin

144 3643 315 3718 Xanthiis
341 3643 558 3740 quibusdam
580 3645 670 3719 meis
687 3659 725 3720 et
741 3646 1014 3719 Fellowsianis¹.
1066 3645 1169 3719 Nihil
1193 3669 1301 3742 porro
1330 3646 1376 3719 de
1400 3657 1531 3744 etymo,

144 3764 242 3860 quod
253 3761 346 3838 mibi
358 3763 448 3837 scire
460 3763 622 3860 contigit,
634 3775 806 3837 statuunt.
845 3765 912 3836 Est
923 3787 1006 3836 sane
1017 3763 1078 3836 vel
1090 3763 1208 3860 primo
1225 3763 1357 3836 obtutu
1366 3763 1533 3837 conveni·

145 3891 240 3964 entia
263 3889 435 3963 notabilis
451 3913 535 3963 cum
554 3889 684 3965 Graeco
710 3880 816 3985 ὑπέρ,
842 3888 941 3986 quod
958 3900 996 3962 et
1012 3887 1168 3964 eundem
1186 3912 1330 3964 sensum
1348 3915 1431 3964 cum
1448 3915 1534 3964 casu

185 4115 199 4143 '
214 4109 296 4167 (lons.
310 4109 378 4166 libr.
391 4108 411 4166 J
413 4107 541 4178 udicum,
557 4124 598 4166 vr.
612 4111 639 4168 3.
906 4109 921 4140 ¹
937 4104 1019 4164 eous.
1029 4105 1086 4164 vol.
1096 4123 1114 4164 1.
1124 4124 1154 4183 p·
1163 4108 1229 4167 265.
1243 4123 1273 4165 11.
1282 4109 1341 4166 tab.
1351 4106 1397 4168 ³6.
1411 4126 1459 4168 un.
1469 4111 1496 4177 3,
1506 4111 1534 4166 3.

185 4213 199 4232 “
209 4205 253 4264 Sc.
267 4205 305 4264 ad
317 4205 448 4264 Fellowa.
462 4206 515 4265 ubi
529 4222 608 4284 supr.
622 4226 651 4284 p.
662 4203 728 4270 475.
865 4203 893 4275 7,
909 4207 936 4263 2.
950 4213 1004 4263 etc.

814 4367 873 4427 n2
