3994 5244
474 553 537 618 218
873 549 1227 618 INSORIPTIONES
1250 551 1444 622 GRAEGAE.
1590 555 1863 640 [ruscacccmv.

473 739 521 813 ad
533 739 703 814 amussim
717 739 997 827 constituuntur,
1011 763 1095 816 nam
1112 739 1297 816 levissima
1312 751 1398 815 sunt
1412 746 1626 817 ΟΚΤΛΙΟΥ
1637 743 1705 816 sub
1716 741 1818 816 finv.
1832 745 1861 815 1.

478 865 549 935 ΚΛΙ
569 859 608 934 in
624 858 698 947 fin,
712 871 749 932 et
765 860 804 932 in
822 861 856 932 3.
877 857 969 932 med.
988 865 1108 934 ΘΕΛΙ.

551 985 596 1058 In
618 1006 654 1058 v.
676 987 706 1056 1.
738 981 890 1081 Καῖσαρ
916 995 973 1057 est
994 983 1186 1082 Augustus
1213 985 1378 1082 (cccnrx.
1404 1008 1435 1059 a.
1453 1008 1485 1058 c.
1512 983 1614 1082 etc),
1640 975 1733 1074 θεός,
1760 987 1864 1062 divas

471 1101 603 1190 Julius,
625 1115 668 1178 ut
689 1104 821 1200 passim
851 1104 890 1175 in
916 1101 1096 1178 nummisl.
1157 1103 1384 1191 Nominatur‚
1409 1115 1451 1178 ut
1477 1128 1620 1203 semper
1649 1105 1686 1179 in
1720 1107 1863 1196 talibus,

472 1224 680 1312 Praefectus,
693 1225 729 1298 h.
741 1225 764 1298 l.
779 1224 933 1298 Publius
945 1225 1129 1318 Octavius,
1142 1249 1250 1322 quem
1264 1225 1407 1322 judicat
1423 1225 1735 1301 Letroun.⁰fi1isse
1748 1226 1864 1302 filium

472 1347 590 1421 Marci
614 1347 719 1420 istius
737 1349 841 1444 cujus
864 1347 1029 1420 meminit
1046 1345 1287 1434 Plutarchus⁶‚
1305 1360 1342 1421 at
1358 1347 1460 1422 nullo
1476 1347 1610 1422 idoneo
1626 1361 1718 1422 teste
1732 1348 1863 1423 adlato.

471 1469 702 1543 Probabilem
720 1480 840 1543 tamen
857 1469 1013 1544 arbitror
1029 1471 1274 1566 conjecturam
1295 1469 1430 1544 eruditi
1446 1469 1526 1558 viri,
1545 1467 1728 1564 fidemque
1745 1468 1865 1544 facere

471 1612 604 1662 nomen
633 1587 743 1662 fuisse
773 1613 856 1662 eum
884 1589 1026 1664 affinem
1056 1592 1299 1690 Imperatoris,
1327 1601 1548 1688 quapropter
1573 1589 1787 1664 familiarem
1817 1615 1865 1663 ex

471 1708 575 1782 hoste
597 1708 732 1782 factum
758 1710 796 1782 in
822 1711 1071 1808 praefecturam
1090 1715 1243 1812 AEgypti
1261 1713 1484 1788 successisse.
1536 1713 1594 1785 De
1622 1710 1864 1808 adpellatione

475 1841 651 1940 (dixerim
679 1841 800 1938 potius
825 1867 909 1916 oum
928 1843 1066 1930 Tacito,
1092 1843 1253 1920 dedecore
1271 1841 1490 1942 adulatorio)
1518 1829 1612 1920 Ζεὺς
1629 1831 1865 1942 Ἐλευθέριος

471 1967 608 2042 tributa
623 1966 838 2064 Imperatori
855 1965 949 2040 cons.
963 1991 1057 2064 supr.
1077 1990 1219 2043 eccm.
1234 1992 1264 2042 c.
1279 1970 1312 2042 2.
1326 1979 1364 2040 et
1380 1980 1454 2042 not.
1490 1969 1534 2041 In
1552 1991 1586 2040 v.
1599 1969 1632 2040 2.
1652 1964 1710 2039 fin.
1732 1963 1768 2038 oi
1790 1957 1862 2040 ἀπὸ

472 2089 537 2186 τῆς
564 2079 831 2190 μητροπόλεως
856 2102 942 2165 sunt
963 2088 1202 2191 Metropolitae,
1222 2091 1321 2168 cives
1343 2091 1622 2190 metropolitani,
1646 2073 1863 2188 quibuscum

473 2225 637 2312 sumptus
666 2213 896 2288 contulerant
922 2215 1035 2288 ceteri
1057 2214 1233 2298 Nomitoe3
1258 2238 1341 2287 nam
1360 2213 1400 2286 in
1417 2238 1491 2311 seq.
1511 2212 1688 2311 suppleas,
1707 2213 1804 2286 sicut
1828 2214 1863 2286 in

470 2342 576 2414 inser.
595 2363 708 2438 prox„
728 2332 788 2410 καὶ
807 2338 886 2411 τοῦ.
930 2337 986 2410 De
1000 2349 1194 2412 construct
1213 2335 1249 2411 ol
1268 2327 1352 2428 ἀπὸ,
1371 2352 1436 2415 etc.
1455 2339 1549 2416 conf.
1562 2365 1658 2438 supr.
1672 2361 1819 2416 cccrum.
1833 2344 1862 2412 4.

471 2478 509 2538 et
525 2465 623 2540 Faso.
638 2486 675 2537 n.
693 2489 730 2536 n.
746 2485 832 2537 cxn.
858 2461 1007 2536 minusc.
1026 2461 1091 2535 ubi
1108 2463 1189 2537 obv.
1207 2456 1229 2557 ἡ
1250 2453 1414 2543 Σύυοδος
1433 2464 1507 2539 τῶν
1526 2456 1590 2540 ἀπ’
1610 2455 1750 2543 Ἰωνίας
1770 2493 1805 2538 κ.
1826 2469 1861 2536 λ.

473 2591 570 2666 Obv.
589 2601 626 2664 et
643 2585 679 2661 oi
698 2582 747 2675 ε’κ,
765 2587 862 2662 utin
880 2609 982 2664 cccn.
993 2589 1029 2659 4.
1082 2589 1126 2661 In
1144 2613 1176 2662 v.
1192 2592 1227 2664 3.
1244 2577 1445 2685 πρόπυλον
1462 2601 1539 2666 eret
1551 2589 1727 2666 aditusad
1740 2588 1862 2664 fanum

471 2709 579 2783 Isidis
596 2709 642 2783 de
660 2733 734 2808 quo
750 2707 795 2782 cf.
814 2719 886 2781 not
903 2733 934 2780 z.
954 2731 1051 2805 supr.
1087 2709 1169 2783 Hac
1186 2708 1231 2784 de
1249 2734 1288 2783 re
1306 2722 1472 2808 autoptes
1488 2711 1566 2808 ipse
1583 2710 1706 2784 nullus
1723 2709 1861 2784 dubito.

470 2835 567 2909 Dein
584 2823 744 2907 Σύνυοοι
763 2831 876 2932 (conf.
895 2857 966 2931 arg.
985 2857 1081 2930 supr.
1099 2837 1289 2910 cccn111.4.
1305 2855 1447 2910 cccmv.
1461 2833 1484 2908 f.
1498 2834 1550 2930 6.)
1565 2833 1756 2908 erantdivi
1772 2834 1862 2919 socii,

470 2949 659 3057 πάρεδροι,
676 2960 716 3032 in
732 2983 776 3033 eo
794 2958 904 3034 culti:
933 2959 1020 3033 trias
1036 2958 1187 3036 fortasse
1205 2972 1291 3050 erat,
1309 2971 1351 3033 ut
1362 2958 1459 3057 apud
1475 2957 1610 3046 Philas,
1628 2955 1713 3052 Isis,
1735 2955 1859 3045 Ocima,

470 3083 603 3172 Horas,
630 3107 785 3180 quorum
803 3073 993 3176 ἐπώνυμος
1010 3084 1070 3157 vel
1094 3072 1299 3179 κυριωτάτη
1317 3095 1395 3156 erat
1412 3082 1492 3177 Isis,
1510 3081 1679 3178 aedesque
1702 3079 1862 3180 designa·

471 3205 542 3278 bat.
606 3203 727 3277 Possis
755 3225 902 3299 quoque
918 3200 1126 3301 Serapidem
1153 3201 1343 3298 conjicere,
1364 3202 1468 3298 cujus
1491 3201 1619 3298 religio
1641 3200 1680 3274 in
1707 3224 1789 3274 aevo
1813 3224 1862 3272 re

471 3323 631 3398 centiore
648 3322 740 3396 adeo
758 3323 904 3420 patebat
916 3345 982 3419 per
992 3322 1206 3420 AEgyptum
1227 3320 1292 3394 sed
1308 3319 1387 3394 haec
1403 3319 1497 3394 nihil
1513 3319 1614 3394 aliud
1626 3319 1697 3394 nisi
1708 3319 1862 3396 Osiridis

469 3446 541 3520 fuit
553 3469 649 3519 novo
662 3445 806 3518 nomine
824 3443 968 3518 adscite.
1006 3441 1064 3518 Cf.
1079 3465 1180 3528 econ
1199 3446 1229 3516 1.
1256 3465 1400 3518 coccus
1420 3466 1452 3516 e.
1466 3445 1497 3515 5.
1549 3440 1646 3515 Dein
1663 3451 1749 3514 aetas
1766 3439 1862 3514 tituli

471 3565 671 3662 subjicitur,
689 3564 735 3640 de
758 3587 830 3660 qus
851 3561 899 3638 ad
922 3574 1133 3660 computum
1151 3575 1322 3636 nostrum·
1336 3560 1541 3636 revocanda
1556 3560 1650 3634 conl
1667 3573 1793 3632 notata
1819 3556 1862 3632 ad

472 3709 613 3764 eccm.
632 3711 663 3759 a.
681 3686 715 3759 b.
767 3683 917 3782 Epooha
928 3683 990 3757 hic
1003 3683 1195 3758 statuenda
1211 3696 1267 3758 est
1284 3707 1380 3758 mors
1395 3681 1608 3779 Cleopatrae,
1625 3679 1724 3754 unde
1740 3678 1862 3778 prodit

473 3829 578 3882 xxxr.
597 3807 692 3904 Aug.
710 3835 754 3873 =
768 3806 814 3881 U.
829 3805 873 3881 O.
890 3807 970 3878 754.
992 3804 1053 3903 (Ρ.
1069 3803 1186 3900 C.1.).
1228 3807 1285 3878 De
1303 3805 1467 3901 subjecta
1483 3801 1599 3877 mensi
1615 3800 1861 3900 designatione

473 3924 662 4028 Σεβαστῇ,
681 3953 729 4004 so.
748 3919 875 4029 ἡμέρᾳ,
893 3926 987 4004 cons.
1006 3927 1053 4004 ad
1070 3951 1226 4006 ccccxv.
1245 3931 1277 4003 3.
1296 3927 1376 4002 infr.
1428 3927 1536 4002 Diem
1562 3949 1778 4026 eponymam
1805 3925 1861 3998 bic

511 4196 523 4229 λ
537 4189 614 4251 Vide
626 4187 747 4248 Eokhel.
761 4204 801 4245 vr.
815 4205 863 4264 pp.
874 4189 922 4246 80.
936 4205 972 4244 ss.
1229 4187 1240 4220 ‘¹
1255 4187 1292 4245 In
1305 4186 1435 4258 Αοεοοίο,
1451 4203 1523 4244 axv.

511 4304 521 4328 ⁰
534 4291 596 4352 Ubi
609 4307 706 4366 supra,
724 4307 752 4365 p.
765 4284 811 4345 86.
