3994 5242
490 540 532 605 90
895 534 1247 604 INSCRIPTIONES
1269 534 1463 603 GRAECAE.
1497 535 1874 625 [moenoccvnaocvm.

489 725 618 798 iisdem
635 723 801 798 Rosius:
826 725 1007 798 recentius
1025 721 1253 798 Fellowsius'³
1271 737 1309 797 et
1326 725 1523 812 Franzius‘,
1534 724 1598 820 qui
1615 725 1781 798 meminit
1797 749 1874 823 apo

489 847 618 946 graphi
636 845 883 920 Beaufortiani
899 847 998 919 missi
1015 871 1037 920 a
1053 847 1221 919 Miillero

564 968 688 1040 Habet
704 965 836 1039 Rosius
853 966 891 1038 in
901 992 933 1039 v.
951 969 1206 1053 1.ΤΕΡΠΑΙΩ,
1217 965 1318 1062 quod
1334 977 1372 1038 et
1388 966 1546 1039 aFrenz.
1560 975 1746 1060 receptum
1760 964 1874 1038 video.

489 1086 525 1157 N
526 1085 825 1182 onreoipiendum
834 1095 938 1182 puto;
950 1085 1070 1182 potius
1082 1083 1309 1180 suadetlapis
1316 1081 1415 1178 quod
1422 1079 1517 1174 dedi,
1525 1081 1874 1180 (veltemaexn)

489 1207 593 1302 cujus
617 1205 799 1278 semissem
825 1205 1053 1278 conservavit
1074 1203 1296 1289 Fellowsius,
1315 1204 1382 1276 viz.
1401 1208 1511 1276 ΤΕΜ.
1564 1203 1609 1274 In
1627 1205 1661 1276 3.
1681 1203 1760 1276 init.
1778 1217 1873 1278 recte

488 1341 571 1411 Ros.
590 1326 631 1409 δὲ
649 1333 719 1424 καὶ,
737 1337 901 1410 Fellows.
919 1343 1050 1423 ΔΕΚΑ,
1068 1347 1277 1410 autumante
1295 1335 1470 1408 Wienero
1494 1331 1604 1406 fuisse
1629 1332 1722 1408 illud
1750 1341 1818 1420 ΚΑ,
1836 1347 1874 1406 ut

490 1463 553 1544 ΚΕ
578 1455 729 1530 sormam
758 1456 994 1531 dialecticam.
1048 1457 1220 1534 Concidit
1246 1455 1325 1530 haeo
1353 1455 1533 1529 subtilitas
1556 1453 1720 1552 inspecto
1745 1455 1872 1552 lapide.

489 1583 533 1654 In
558 1580 617 1654 fin.
637 1606 729 1655 vers.
755 1583 897 1679 scripsit
919 1583 1002 1656 Ros.
1021 1575 1169 1675 Λυκίαμ
1185 1595 1311 1657 eontra
1327 1581 1436 1656 fidem
1459 1581 1693 1654 monumenti.
1739 1583 1872 1656 Rectis-

488 1702 576 1774 sime
594 1701 755 1772 omnium
773 1699 955 1774 ordinavit
971 1701 1136 1774 Fellows.
1152 1727 1210 1774 vv.
1230 1705 1260 1774 9.
1274 1704 1330 1775 10.
1343 1700 1387 1773 iis
1400 1699 1439 1772 in
1455 1723 1569 1772 unum
1579 1702 1792 1796 conjunctis,
1812 1701 1872 1775 sed

486 1844 570 1893 oum
588 1829 675 1893 nota
691 1819 868 1892 numerali
886 1827 920 1907 t,
938 1845 1046 1915 quam
1062 1821 1200 1918 recepit
1217 1823 1343 1894 Franz.

560 1945 617 2016 De
628 1943 795 2017 ossuariis
808 1935 1070 2044 (ὀστεοθήκαις
1086 1945 1146 2018 vel
1164 1935 1406 2041 ὀστοθήκαις)
1420 1942 1512 2016 conf.
1526 1945 1624 2018 Faso.
1639 1967 1676 2018 11.
1695 1971 1730 2018 n.
1744 1969 1868 2022 cxxxi.

487 2075 572 2144 3-4.
587 2085 625 2146 et
637 2097 671 2170 p.
689 2075 769 2145 127.
805 2073 850 2144 In
865 2075 896 2146 9.
911 2073 992 2146 obv.
1008 2058 1183 2170 δραχμάς,
1196 2097 1270 2145 non
1283 2085 1325 2145 ut
1334 2069 1499 2145 usitatius
1517 2057 1692 2168 δηνάριαε
1713 2071 1779 2144 sed
1797 2071 1869 2146 haeo

485 2191 635 2266 sortasse
651 2192 915 2291 intelliguntur,
935 2203 977 2266 ut
993 2193 1031 2264 in
1045 2191 1243 2290 Aphrodis.
1256 2189 1391 2267 Boekla
1406 2217 1438 2265 n.
1454 2196 1561 2268 2782.
1579 2220 1612 2268 v.
1623 2196 1681 2268 46.
1698 2193 1764 2267 ubi
1780 2193 1868 2267 cons.

483 2314 578 2386 obss.
632 2313 780 2389 Summa
795 2312 988 2410 pendenda
1005 2323 1060 2384 est
1077 2311 1253 2408 Apollini,
1270 2311 1411 2382 numini
1428 2311 1589 2406 Patare0,
1607 2325 1650 2386 ut
1667 2311 1868 2409 Olympena

482 2435 729 2534 Hephaestoin
740 2447 852 2510 nostr.
865 2459 944 2511 ccc.
962 2457 1071 2511 occu.
1109 2434 1290 2521 clausula,
1305 2459 1364 2508 vv,
1378 2437 1499 2526 9-11.,
1513 2434 1579 2530 τῆς
1592 2422 1764 2534 πράξεως
1784 2464 1817 2508 κ.
1831 2441 1865 2508 λ.

483 2557 621 2631 dudum
639 2559 747 2631 obvia
764 2567 820 2630 est
835 2557 874 2631 in
891 2567 1003 2630 nostr.
1019 2577 1194 2631 ccnxxx1.

1045 2801 1255 2880 CCCVIII.
1283 2830 1314 2879 c.

775 2947 1530 3020 ΤΟΜΝΗΜΕΙΟΝΠΤΟΛΕΜΑΙΟΥΤΟΥ

780 3062 811 3126 N
817 3057 1475 3131 ΕΙΚΟΛΑΟΥΤΟΥΓΙΟΛΥΚΡΑΤΟΥ

778 3168 1615 3243 ΠΑΤΑΡΕΩΣΚΑΙΤΗΣΓΥΝΑΙΚΟΣΑΥΤΟΥ

873 3283 1359 3354 ΣΑΡΓΙΗΔΟΝΙΔΟΣΤΗΣ

703 3393 724 3461 5
878 3396 1306 3467 ΚΑΙΛΥΚΙΑΣΠΤΟΛΑΙ

878 3507 1281 3578 ΜΑΙΟΥΔΙΣΤΟΥΚΑΙ

873 3619 1390 3691 ΘΩΡΑΚΟΣΠΑΤΑΡΙΔΟΣ

477 3778 532 3861 Τὸ
562 3787 741 3882 μνημεῖον
767 3779 1019 3881 Πτολεμαίου,
1052 3789 1119 3863 τοῦ
1152 3785 1213 3862 καὶ
1245 3776 1453 3880 Νικολάου,
1484 3790 1551 3863 τοῦ
1583 3775 1860 3887 Πολυκράτους,

478 3910 689 4016 Παταρέως,
709 3915 771 3992 καὶ
792 3917 858 4013 τῆς
880 3910 1053 4016 γυναικὸς
1079 3915 1193 3997 αὐτοῦ
1219 3916 1513 4020 Σαρπηδουίδοο,
1533 3919 1599 4015 τῆς
1624 3917 1685 3995 καὶ
1713 3911 1861 4008 Λυκίας,

686 4042 926 4145 Πτολεμαίου
946 4041 1013 4142 δίς,
1033 4053 1100 4125 τοῦ
1120 4049 1181 4126 καὶ
1201 4046 1393 4150 Θώρακος,
1412 4046 1635 4151 Παταρίδου.

516 4228 529 4256 ¹
544 4229 693 4306 Inscriptt.
706 4229 797 4288 Graeo.
820 4231 864 4291 cl.
873 4251 901 4289 v.
913 4251 941 4308 p.
951 4234 1017 4292 320.
1193 4231 1279 4312 pand.
1291 4234 1329 4290 Δ.
1344 4251 1371 4308 p.
1381 4235 1449 4291 418.
1462 4251 1530 4290 enm
1543 4241 1603 4290 not
1612 4233 1740 4292 Wiener.

515 4329 527 4362 ⁸
542 4327 624 4387 Confi
634 4327 691 4386 vol
702 4343 733 4384 11.
747 4348 775 4405 p.
789 4331 852 4388 180.
867 4349 888 4388 s.
902 4330 934 4388 in
947 4331 1068 4389 minusa.
1080 4332 1142 4408 Ao
1232 4333 1244 4362 ⁶
1258 4329 1320 4388 Ubi
1334 4349 1414 4406 supr.
1427 4349 1455 4406 p.
1469 4331 1534 4389 155.
1548 4348 1577 4387 n.
1586 4333 1672 4395 4293.
