3994 5244
137 515 386 602 ruscucccm]
746 513 913 582 PHILAE.
1460 519 1521 584 211

137 733 198 806 pro
215 704 238 779 δ
255 707 354 780 inter
371 704 507 802 Coptos
529 702 622 780 cons.
653 727 746 802 supr.
778 702 825 778 od
851 728 887 778 n.
906 724 1007 780 ocor.
1026 706 1058 777 5.
1110 703 1206 778 Dein
1231 705 1270 780 in
1300 729 1333 778 v.
1360 707 1418 780 15.
1438 707 1520 780 obv.

137 852 265 902 nomen
281 826 450 906 sueretu
470 825 766 926 (Οωιτ-χιε).
802 823 1031 900 Crediderim
1046 824 1145 900 hunc
1157 824 1268 900 fuisse
1284 825 1432 902 fratrem
1445 851 1522 926 ger-

138 973 278 1024 manum
306 949 495 1048 prophetae
516 949 555 1022 in
572 974 606 1020 v.
622 951 655 1021 4.
676 962 713 1022 et
734 971 818 1022 cum
844 947 1007 1043 utrisque
1031 958 1131 1022 erote
1152 945 1417 1022 necessitudine
1440 971 1522 1022 con·

134 1072 291 1164 junctum
310 1071 471 1146 Tsenmdt
487 1071 524 1144 in
544 1075 590 1158 5.,
607 1069 767 1144 fortassis
784 1067 831 1142 ad
847 1067 946 1142 hunc
962 1067 1132 1142 modum:
1158 1053 1160 1060 ’

445 1599 624 1664 Poohdm=
1157 1599 1286 1662 Smer:

600 1661 606 1832 i

428 1838 959 1935 r--sst

358 1926 708 1990 Puchdm:Tsensm6t
877 1927 1031 1988 Smetchis.
1203 1927 1365 1988 Tsensmdt.

290 2253 381 2318 Smer.
612 2253 786 2316 Smetchdm.

209 2435 252 2506 In
271 2433 330 2506 16·
349 2430 395 2504 de
412 2436 645 2540 χαρίσαιντο,
662 2442 757 2516 conf.
777 2467 870 2540 supr.
892 2443 939 2518 ud
956 2469 989 2516 n.
1004 2467 1147 2520 cocunt.
1165 2445 1200 2518 d
1219 2448 1251 2518 2.
1303 2445 1377 2518 Hic
1394 2446 1522 2518 intelli-

139 2570 230 2668 gitur
246 2559 290 2644 τὸ
311 2559 378 2667 (pv
395 2581 437 2642 ut
453 2569 492 2642 in
509 2569 670 2644 Mucceb.
685 2590 722 2642 11.
742 2569 776 2640 3.
795 2569 855 2642 33.
875 2567 932 2640 vel
959 2557 1006 2640 τὰ
1024 2555 1196 2664 μέγιστα,
1214 2569 1310 2642 utin
1325 2569 1512 2644 Herodian

140 2717 161 2768 1.
178 2697 209 2768 4.
226 2715 261 2792 p
277 2691 370 2766 med.
389 2693 560 2790 Amplior
577 2704 633 2766 est
652 2692 875 2768 constructio
899 2691 936 2764 in
955 2691 1166 2766 Athenaeor:
1197 2683 1322 2766 Πάλιν
1347 2689 1367 2765 ὁ
1392 2692 1520 2787 Δημο-

141 2813 227 2909 κλῆς
247 2809 331 2914 ἔφη·
352 2806 542 2912 Χαρίσαιο
563 2806 596 2887 δ’
617 2807 664 2888 ἅν
682 2807 750 2907 μοί
765 2841 814 2903 τι,
833 2804 1028 2904 Διονύσιε,
1048 2807 1231 2894 κελεύσας
1260 2811 1332 2890 τινί
1351 2811 1425 2890 τῶν
1445 2813 1521 2890 ἐπι-

141 2926 330 3032 σταμένων
359 2929 511 3037 διδάξαί
533 2965 580 3031 με
610 2966 644 3012 κ.
668 2943 707 3010 λ.
737 2937 846 3036 Angi
878 2937 906 3010 I
928 2938 1055 3014 desecet
1081 2965 1152 3040 you
1175 2952 1209 3016 to
1237 2941 1372 3042 protify
1398 2967 1453 3018 me
1479 2945 1523 3042 by

140 3063 381 3162 οοαναοαιίίαρ,
399 3075 455 3138 etc.
508 3061 582 3136 Hic
600 3075 683 3160 post
699 3089 735 3134 τι
729 3055 853 3136 'venit
869 3052 1062 3150 κελεύσας,
1076 3075 1143 3138 eto.
1162 3076 1332 3161 tanquam
1347 3068 1520 3166 exegesis.

139 3187 266 3262 Nostro
290 3211 378 3262 vero
405 3185 613 3260 Homerico
630 3187 742 3285 magis
770 3188 972 3284 ettingrmt:
1003 3185 1076 3260 Ζεῦ
1095 3179 1213 3286 πάτερ
1235 3229 1429 3244 ·······
1452 3179 1520 3265 σίο

141 3302 204 3382 δ”
187 3341 227 3387 εκ
254 3302 342 3385 τάδε
369 3302 493 3387 πάντα
520 3297 712 3386 πέλονται
743 3301 838 3384 Oion
858 3301 904 3406 δὴ
924 3304 1108 3409 ἄνδρεσσι
1127 3307 1295 3412 χαρίζεαι
1316 3311 1522 3414 ὑβριστῇσι

140 3431 297 3531 Τρωσίν.
351 3437 395 3510 ln
410 3461 444 3510 v.
465 3435 523 3509 17.
551 3435 717 3536 supplevi
735 3422 933 3509 Δέσποινα
952 3437 1046 3537 (non
1064 3430 1194 3535 Καρία,
1211 3453 1254 3514 ut
1270 3443 1383 3538 magis
1405 3443 1522 3516 solent

141 3562 375 3659 proscynetae)
394 3561 442 3634 ob
455 3549 657 3654 Δεσπότης
676 3561 714 3634 in
734 3563 791 3634 18.
810 3586 838 3634 s.
891 3561 995 3637 Conf.
1015 3587 1111 3660 supr.
1134 3587 1170 3635 n.
1187 3585 1362 3638 ocxovnr.
1381 3589 1518 3664 argum.

142 3695 174 3754 et
184 3696 255 3758 not.
269 3709 303 3784 ρ.
341 3683 433 3776 Quae
449 3683 502 3757 ibi
518 3692 691 3756 notantur
708 3680 755 3755 de
772 3681 990 3778 Proserpina
1007 3683 1168 3779 opprime
1187 3681 1276 3755 Isidi
1300 3684 1522 3757 conveniunt

141 3819 241 3890 (1111111
260 3795 551 3906 Περσέφασσαν
566 3806 677 3880 fuisse
695 3829 821 3880 eorum
838 3804 1003 3880 ferebant
1017 3805 1152 3883 Graecit
1186 3806 1394 3904 Serapidem
1412 3833 1521 3907 porro

143 3927 345 4027 AEsculspio
373 3929 488 4027 (inter
516 3924 676 4024 eeteros)
700 3921 975 4014 adsimilabant⁸‚
1001 3951 1109 4024 quem
1135 3925 1344 4024 adloquitur
1369 3929 1518 4028 Orphic.

176 4147 279 4206 ‘Libn
293 4163 334 4204 vr.
347 4143 395 4205 56.
416 4145 472 4203 sub
486 4145 505 4202 f.
853 4139 943 4218 Apul.
955 4141 1068 4199 Metam.
1084 4157 1128 4200 x1.
1146 4157 1194 4218 pp.
1209 4142 1276 4199 255.
1291 4139 1357 4206 257.
1368 4141 1433 4220 Bip.

177 4249 280 4306 ’Πίσα
293 4251 323 4304 γ’.
337 4243 405 4306 631.
419 4263 455 4304 ss.
889 4250 901 4284 ¹
915 4239 1006 4299 Tacit
1020 4237 1094 4298 Hiu
1109 4255 1148 4297 iv.
1163 4239 1210 4296 84.
1223 4239 1313 4302 subs.

178 4345 346 4406 ‘Plutarch
374 4345 419 4403 De
445 4343 528 4415 In'de
555 4351 602 4402 αο.
632 4355 729 4399 xxvu.
751 4339 801 4398 fin
