3994 5242
142 543 244 590 mssa.
260 527 505 608 ccxcaooxorr]
730 519 950 588 MEGISTE.
1488 527 1529 593 59

141 715 301 791 clausula
326 705 555 811 ἱερασαμένα
574 705 798 808 Μεγιστέων
817 713 884 786 τοῦ
908 706 1093 808 δαίμονος,
1121 717 1285 814 quisquis
1312 717 1422 794 fuerit
1448 721 1527 796 iste.

141 841 316 916 Fortassis
332 830 473 935 Ἑρμᾶς
491 826 727 935 προπύλαιος
743 839 804 912 cui
819 837 1012 936 praesectus
1029 841 1245 916 castellanus
1262 843 1300 916 in
1321 869 1450 945 praegr.
1466 871 1529 922 vo·

141 969 247 1041 tivam
276 989 374 1040 aram
402 964 601 1038 addixerat.
653 963 788 1040 Saltem
818 987 953 1061 ponere
976 963 1062 1038 iicet
1077 955 1199 1066 Ἑρμᾷ
1228 979 1310 1041 ante
1337 970 1449 1042 verba
1469 963 1529 1042 καὶ

142 1091 246 1180 θεοῖς,
264 1090 367 1188 quod
394 1115 468 1164 non
490 1089 584 1163 nihil
606 1088 760 1185 quadrat
777 1113 860 1163 cum
877 1090 1040 1188 vestigiis
1063 1089 1190 1188 figurae
1206 1094 1395 1188 cujusdam
1413 1096 1530 1193 sculp

141 1218 210 1292 tilis
226 1243 311 1316 quae
328 1217 367 1290 in
385 1240 473 1289 saxo
484 1214 687 1288 discernere
705 1211 793 1286 mihi
806 1213 906 1287 visus
924 1237 1003 1286 sum
1017 1237 1101 1286 cum
1113 1214 1298 1288 Mercurio
1311 1215 1504 1290 attributis.

712 1491 906 1567 coxon.
935 1516 965 1566 c.

342 1676 545 1746 ΠΟΛΕΜΑ
972 1677 1131 1778 Πολέμα

210 1797 700 1870 ΛΥΣΙΜΑΧΩΤΩΕΑΥῊΣ
972 1793 1181 1904 Λυσιμάχῳ
1199 1799 1251 1905 τῷ
1272 1799 1402 1897 ἑαυτῆς

236 1925 646 1994 aerumnosam
974 1913 1200 2024 δεσποσύνῳ
1215 1909 1319 2022 ἥρωϊ.

212 2123 404 2221 Descripta
420 2123 581 2198 indidem
597 2123 643 2199 de
660 2123 836 2224 fragmine
854 2151 926 2202 arae
948 2153 1056 2226 quam
1074 2129 1225 2204 Polemo
1242 2126 1401 2227 (ancilla,
1424 2140 1466 2202 ut
1483 2130 1532 2201 vi-

136 2241 265 2338 detur)
283 2240 467 2316 dicaverat
483 2241 709 2340 Lysimacho,
726 2241 803 2318 filio
820 2243 928 2320 herili
954 2259 991 2320 et
1013 2249 1089 2343 jam
1114 2247 1190 2320 vita
1213 2245 1396 2320 defuncto.
1448 2248 1532 2322 Hoc

135 2367 319 2441 indicatur
335 2392 357 2440 a
373 2367 481 2441 titulo
491 2353 631 2465 Ἥρως,
652 2369 698 2442 de
716 2395 790 2466 quo
804 2371 889 2444 vide
907 2371 1006 2445 dicta
1020 2372 1059 2444 in
1070 2371 1172 2445 Fuso.
1186 2393 1211 2444 1.
1230 2369 1276 2444 ud
1293 2397 1329 2444 n.
1344 2393 1396 2444 x1.
1413 2375 1447 2444 5.

212 2479 466 2569 Δεσπόσυνος
483 2492 563 2566 obv.
582 2493 654 2567 vid.
679 2493 717 2566 in
735 2493 930 2570 Athenaeo¹¹
952 2494 1021 2594 (ex
1049 2493 1351 2592 Anaxandride):
1379 2485 1533 2571 Τούτων

135 2608 229 2688 δ’
203 2643 313 2689 εσται
345 2603 446 2688 πολὺ
477 2605 706 2714 σεμνότερον
737 2610 813 2690 Καὶ
842 2607 1109 2718 λαμπρότερον
1138 2609 1242 2716 παρὰ
1280 2610 1531 2698 δεσποσύνοις

133 2733 267 2817 Τοῖς
244 2733 449 2838 ημετέροις,
478 2741 554 2816 scil.
579 2741 679 2841 apud
707 2739 826 2819 terto
843 2741 945 2842 filios
973 2755 1054 2819 noct
1053 2769 1121 2820 ros.
1176 2743 1297 2819 Sioet
1282 2745 1529 2842 tAppianus¹:

127 2852 289 2962 Ετερος
308 2854 568 2962 ἀπελευθερος,
593 2855 718 2967 τάφον
749 2855 940 2941 δεσπότου
959 2857 1245 2966 φυλάσσων,
1208 2896 1275 2942 τον
1263 2858 1534 2943 ’δεσπόσυνον

133 2984 407 3092 προγραφέντα
432 2981 698 3092 ἐφύλασσεν’
680 3019 719 3064 εν
749 2987 801 3092 τῷ
831 2981 940 3092 τάφῳ
967 2982 1062 3084 μετὰ
1084 3019 1151 3066 του
1180 2981 1333 3088 πατρός.
1391 2993 1533 3068 Pariter

134 3111 386 3210 accusativae,
403 3121 499 3194 utin
517 3118 718 3194 Plutarch}
744 3107 817 3191 Διο
837 3111 902 3192 καί
918 3118 1039 3217 φασιν
1054 3157 1071 3171 -
1085 3157 1101 3170 -
1117 3110 1317 3195 -Εἵλωτας
1337 3155 1353 3168 ·
1367 3156 1384 3168 -
1398 3153 1414 3168 -
1434 3143 1530 3214 παρ-

133 3239 335 3330 αιτεῖσθαι,
355 3231 573 3341 φάσκοντας
593 3235 660 3315 οὐκ
680 3233 824 3315 ε’θέλειν
851 3231 917 3320 τὰς
946 3231 1196 3322 δεσποσύνας,
1214 3242 1288 3316 scil.
1308 3241 1396 3317 their
1416 3266 1532 3340 ρουνιρ

134 3363 333 3438 mistrectae.
371 3361 460 3438 Ideo
478 3363 557 3438 haec
573 3377 672 3440 recte
683 3361 841 3438 Passov.¹
859 3363 1116 3461 interpretatus
1133 3373 1203 3435 est:
1231 3361 1294 3437 der
1302 3357 1531 3460 ρὐνιροΗων,

132 3483 191 3557 die
211 3481 354 3558 Tochter
371 3508 449 3558 omn
464 3480 598 3558 Haase.

209 3601 376 3677 Praefatis
406 3605 575 3701 congruit
603 3603 800 3700 explicatio
829 3599 959 3678 Suidae.
1030 3599 1160 3674 Tradit
1185 3623 1272 3672 vero
1296 3596 1529 3672 Eustathius'

175 3825 188 3862 ¹
204 3825 284 3885 Vide
296 3843 337 3884 Π.
347 3825 376 3889 7.
389 3845 418 3903 p.
433 3827 497 3883 181.
510 3843 534 3882 c
548 3833 579 3882 et
592 3829 667 3880 nott.
683 3819 806 3880 casaub
856 3833 896 3876 ex
911 3815 1003 3874 Suida
1016 3824 1047 3874 et
1060 3815 1196 3874 Eusebio.
1224 3813 1436 3873 LocusEuseb.
1447 3812 1531 3870 estin

133 3923 300 4002 Schweigh.
314 3923 371 3982 vol.
381 3939 435 3982 vm
450 3941 478 4000 p.
490 3925 557 3981 408.
571 3921 689 3998 Bipont.
855 3913 929 3972 Hic
943 3913 1053 3972 Echr.
1069 3911 1097 3976 7.
1117 3931 1146 3990 p.
1160 3915 1208 3973 23.
1227 3911 1262 3972 B.
1284 3907 1443 3971 Vales'ssr
1454 3907 1530 3981 etr

174 4023 183 4061 ¹
201 4025 281 4084 Vide
292 4023 364 4082 Bell.
381 4021 463 4083 Uiril.
473 4039 516 4080 lv.
531 4023 579 4078 44.
856 4037 934 4089 χιον
947 4013 971 4070 ω’
982 4011 1147 4092 sectamina
1160 4007 1306 4072 tunicum
1318 4009 1477 4087 κλώμενοι·
1487 4005 1531 4068 διὸ

174 4129 189 4168 ³
203 4128 451 4206 Lycurg.xxvl11.
465 4121 529 4179 sub.
539 4119 589 4178 fin.
857 4115 899 4177 riu
909 4117 969 4190 πρὶς
982 4111 1012 4170 ri
1023 4113 1137 4192 corripiar
1151 4109 1217 4183 τρίτος
1231 4111 1377 4183 σονᾶφυιν.

178 4240 185 4272 ⁵
201 4220 354 4284 Euchirid.
361 4219 545 4296 Gr.1.p.485.
555 4236 580 4274 a.
602 4215 808 4276 cucumer.
898 4214 1094 4272 1ιὶ(δοτυιυουῒ.
1108 4211 1145 4270 ad
1154 4209 1240 4271 Iliad.
1252 4208 1286 4269 λ’.
1297 4213 1366 4275 249.
1377 4209 1409 4267 in
1422 4227 1450 4286 p.
1461 4209 1529 4271 784.

132 4317 339 4382 inrum.
350 4333 370 4374 1.
383 4335 412 4393 p.
423 4317 489 4375 842.
499 4313 808 4374 vocemilluatrantem
862 4315 906 4374 15.
