3994 5242
482 529 522 592 70
862 529 1213 598 INSGRIPTIONES
1235 531 1427 600 GRAEOAE.
1452 536 1867 618 [macaccrcvmccxcn.

480 712 623 788 Idcirco
647 714 693 788 ad
714 713 812 788 huuc
830 741 973 791 sensum
990 719 1135 816 respexi
1157 719 1195 793 in
1218 719 1420 794 uncialibus
1437 723 1561 797 subter
1578 725 1722 799 titulum
1741 728 1867 824 positis

479 834 517 905 in
534 833 732 932 legentium
748 836 907 934 gratiam,
921 837 1088 912 resolutis
1105 839 1414 936 quadratariorum
1433 842 1723 944 technopaegniis.

555 959 696 1058 Opinor
718 961 931 1035 sumendum
953 986 1032 1036 esse
1050 948 1226 1053 εὐσέβεια
1241 965 1279 1039 in
1297 991 1329 1039 v.
1346 969 1376 1039 1.
1393 991 1460 1064 pro
1485 968 1592 1042 titulo
1605 969 1865 1068 imperatoriol,

478 1100 521 1162 ut
531 1073 743 1180 γαληνόιης
760 1084 797 1158 in
815 1085 914 1158 Fasc.
929 1108 966 1159 ιι
983 1089 1307 1185 seruataque
1325 1089 1395 1162 alia
1411 1113 1622 1189 congenera.
1659 1093 1780 1167 Audit
1790 1094 1866 1166 Zoe'

479 1199 684 1307 Αὐγούστα
700 1209 739 1282 in
752 1233 787 1282 v.
800 1211 844 1296 2.,
862 1209 955 1284 sicut
967 1221 1005 1284 et
1013 1210 1053 1284 in
1063 1225 1209 1286 moneta
1221 1215 1421 1312 Byzantina
1434 1215 1581 1292 solenne
1594 1218 1667 1292 est'.
1710 1219 1866 1316 Reliqua

477 1336 542 1409 vix
558 1334 723 1433 indigent
739 1333 991 1432 explicatione.
1031 1343 1182 1412 θΕΟΤ·
1203 1350 1259 1413 est
1275 1339 1465 1415 manifesto
1477 1331 1659 1444 θεοτόκφ,
1677 1342 1866 1440 quodver·
1896 1415 1901 1427 ,

477 1470 560 1533 tunt
584 1459 669 1533 inde
695 1483 717 1532 a
741 1469 903 1556 tempore
921 1460 1059 1534 Justini
1076 1459 1251 1562 Dapcroe.
1306 1472 1340 1539 Μ
1356 1476 1568 1562 potestesse
1581 1467 1641 1541 vel
1659 1458 1790 1563 Μητρὶ
1806 1469 1866 1541 vel

478 1581 637 1688 Μαρίῷ.

926 1737 1173 1814 OLYMPUS
1199 1728 1298 1848 (Ulla
1317 1729 1434 1836 ada).

1036 1916 1254 1994 CCXCIX.
1280 1941 1312 1990 a.

1249 2060 1299 2142 ‘H
1316 2057 1443 2162 Βουλὴ
1463 2061 1523 2142 καὶ
1543 2063 1708 2164 ὁΔῆμος

1250 2172 1432 2275 ἐτίμησαν
1451 2171 1537 2278 (τὸν
1556 2173 1687 2278 δεῖνα),

1248 2285 1367 2390 ἄνδρα
1385 2283 1503 2366 καλὸν
1522 2285 1582 2366 καὶ
1602 2288 1641 2365 ἀ·

537 2403 1064 2480 ΓΑΘΟΝΤΗΑΡΧΟΝΤΑΕΚ
1247 2394 1366 2502 γαθὸν
1385 2392 1600 2504 ὑπάρχοντα
1619 2402 1659 2479 ἐκ

474 2513 496 2582 5
538 2515 1093 2591 ΗΡΟΓΟΝΩΝΑΡΕΤΗΕΚΑΙ
1249 2506 1457 2615 προγόνων,
1478 2512 1609 2614 ἀρετῆς
1629 2511 1688 2591 καὶ

538 2628 1116 2704 ΕΎΝΟΙΛΕΕΝΕΚΕΤΗΝΔΕΕ
1249 2623 1391 2707 εὐνοίας
1412 2623 1543 2702 ἕνεκεν·
1574 2619 1643 2723 τὴν
1662 2619 1702 2702 δὲ
1722 2629 1771 2704 εἰ·

539 2735 1156 2816 ΙΚΟΝΛΚΛΙΔΑΗΛΝΝΛΥΤΡΕ
1247 2729 1340 2814 κόνα
1357 2734 1417 2814 καὶ
1437 2729 1605 2835 δαπάνην
1622 2737 1735 2834 αὐτῆς

535 2853 1031 2930 ΥΗΕΔΕΞΑΥΟΕΚΤΟΥΙ
1248 2840 1451 2952 ὑπεδέξατο
1472 2849 1513 2926 ἐκ
1532 2854 1598 2926 τοῦ
1619 2845 1684 2927 ἰδί-

574 2966 1047 3043 ΟΊἜΙΙὩΔΙΛΙΖΔΙΜΓΊ
1247 2991 1291 3038 ου
1310 2958 1495 3042 Εὶσωδίας
1515 2959 1581 3044 δίς.

470 3125 626 3186 1ιιὶιεε1ω.
640 3143 711 3182 sacr.
726 3123 756 3182 S.
766 3123 847 3182 Petr.
856 3139 889 3180 11.
903 3123 931 3179 2.
946 3123 971 3178 1.
985 3120 1068 3196 atqtu
1087 3137 1138 3178 ex·
1191 3141 1248 3184 cer.
1268 3131 1365 3184 tonan
1378 3145 1406 3202 p.
1416 3127 1482 3184 842

470 3225 577 3305 pendas
590 3243 667 3300 seqq.
707 3221 833 3281 Marcam
847 3229 910 3280 erat
927 3219 1061 3279 Ethnicis
1074 3219 1140 3278 lero
1230 3220 1341 3282 “Confi
1364 3223 1484 3282 Eclrhel.
1498 3224 1552 3282 ubi
1572 3242 1652 3300 supr.
1692 3223 1862 3304 Epigraphe

471 3323 617 3399 straciae,
631 3330 668 3380 ut
681 3322 712 3379 in
725 3321 810 3378 Pina.
825 3320 907 3397 Pytlt.
919 3337 960 3378 ιι.
973 3321 1016 3384 19.
1037 3337 1079 3378 rx.
1094 3323 1138 3381 13.
1189 3320 1288 3392 datur,
1311 3331 1377 3380 Er.
1393 3360 1400 3376 .
1416 3362 1423 3379 .
1439 3363 1447 3378 .
1461 3331 1705 3396 MONOMAXON,
1725 3321 1781 3382 hoc
1807 3337 1860 3397 est,

471 3423 522 3482 dau
538 3422 570 3478 in
590 3419 710 3480 Theocr.
722 3437 755 3478 ιι.
770 3417 833 3479 162.
855 3435 906 3477 xv.
920 3420 982 3478 100.
1020 3419 1137 3476 Proser-
1189 3419 1298 3488 Εῠσιβιῑ,
1323 3417 1439 3488 titulus,
1463 3419 1541 3477 sicut
1567 3428 1650 3478 notat
1675 3421 1722 3477 rir
1746 3419 1861 3491 doctus,

471 3521 539 3598 pina
556 3539 616 3578 sua
636 3529 699 3579 erat
726 3519 815 3595 ἐξέχυς
843 3517 921 3596 apud
943 3517 1138 3577 Athenienses
1189 3515 1307 3573 minime
1324 3533 1409 3573 rarus
1431 3517 1462 3573 in
1482 3516 1575 3594 hujus
1588 3519 1641 3576 aevi
1660 3529 1784 3578 moneta.
1828 3523 1862 3579 Iu

471 3619 606 3680 Δίποινα.
636 3619 763 3679 Arcades
774 3619 893 3678 eandem
905 3617 1137 3696 Aamolnvffau-
1189 3624 1289 3674 nostro
1306 3618 1483 3694 metonymia
1502 3627 1546 3676 est
1565 3627 1642 3687 nota,
1656 3627 1693 3676 ut
1705 3617 1812 3690 Ἀγηίι
1831 3623 1862 3679 in

471 3739 530 3778 san.
541 3735 605 3777 vm.
620 3715 742 3794 36-37.)
756 3717 973 3796 nuncupabant,
989 3736 1075 3793 quam
1089 3718 1137 3776 do-
1189 3712 1296 3771 Fascic.
1308 3729 1338 3770 11.
1352 3713 1549 3781 n.ccxx1ul.‚
1571 3713 1607 3771 ad
1621 3733 1707 3790 quem
1721 3713 1788 3774 ride
1810 3737 1861 3776 no-

471 3820 573 3876 minum
583 3817 727 3876 Martialis
740 3817 771 3874 in
785 3834 839 3875 ιιι.
853 3819 901 3878 52.
916 3815 971 3874 ult.
986 3825 1016 3874 et
1032 3815 1139 3874 Seneca
1188 3819 1250 3868 tata
1260 3811 1292 3867 in
1306 3811 1429 3868 Auctar.
1443 3829 1471 3888 p.
1486 3813 1552 3870 410.
1583 3807 1749 3870 Verterunt
1763 3813 1862 3873 Pietas

470 3917 500 3973 in
512 3917 621 3984 Madau,
639 3918 683 3974 11.
707 3915 796 3975 Modo
805 3935 865 3974 nou
872 3913 998 3974 absimili
1007 3912 1139 3972 nanim
1189 3907 1396 3978 Occidentales,
1411 3919 1447 3966 ut
1459 3907 1560 3967 ridere
1579 3917 1624 3967 est
1643 3909 1674 3966 in
1688 3907 1782 3968 Gloss.
1798 3909 1861 3969 Ma·

469 4029 554 4077 erant
566 4017 635 4086 divi,
646 4018 726 4094 iique
734 4019 796 4088 soli,
805 4017 883 4095 apud
892 4017 999 4077 liberos
1009 4018 1137 4076 Graecos:
1188 4009 1266 4068 mul·
1282 4009 1398 4067 Halena
1411 4009 1669 4086 V01·V·1>·292·b·

470 4113 544 4172 conf.
557 4113 688 4190 Xenopla
702 4113 809 4190 Erped
823 4113 853 4172 0.
868 4130 910 4171 ιιι
931 4117 958 4172 2.
968 4115 995 4170 8.
1033 4113 1136 4190 Eurip.
1229 4112 1235 4150 ¹
1251 4109 1333 4169 Oonl'.
1359 4108 1481 4168 Eckhel.
1505 4110 1537 4167 iu
1559 4127 1640 4168 num.
1660 4109 1861 4188 Imperatr-icis

471 4213 611 4290 Hispalae.
623 4215 669 4271 88.
710 4211 928 4289 Appellationes
941 4210 1091 4281 nimirum,
1101 4219 1138 4269 ut
1189 4207 1355 4279 Theodora,
1370 4207 1423 4266 ubi
1437 4227 1518 4285 supr.
1532 4225 1560 4284 p.
1569 4209 1637 4268 255.

470 4313 587 4390 temple,
610 4313 699 4370 immo
724 4312 809 4370 ferias
835 4309 973 4380 solennes,
1002 4309 1137 4369 censendi
1227 4305 1372 4367 ¹Pariter
1385 4307 1753 4368 inlustinianNovall.1u
1769 4311 1823 4370 cit.
1843 4333 1860 4370 a

470 4419 540 4468 sunt
552 4428 731 4470 consecrasse
743 4408 925 4468 recentiores.
954 4406 1050 4468 Adeas
1068 4407 1136 4469 Sui·
1188 4409 1317 4480 Suicero,
1328 4409 1382 4468 ubi
1395 4427 1492 4486 supra,
1507 4427 1535 4486 p.
1549 4409 1632 4473 1387.
