3918 5240
108 553 199 600 nscn.
215 555 362 602 cccnvrn.
372 537 418 626 b.]
712 537 879 605 PHILAE.
1431 545 1489 610 181

171 724 360 820 Descripta
390 723 436 797 de
466 723 593 799 eadem
621 738 723 826 parte
751 726 927 826 propylaei
953 751 996 801 ac
1026 749 1169 804 ccomv.
1189 753 1217 802 a
1246 753 1275 802 c.
1295 751 1435 804 cccnvr.
1453 733 1487 805 b.

108 865 193 938 supr.
215 867 345 940 nempe
368 841 460 916 facie
478 844 574 917 muri
591 843 824 919 dextrorsum
841 846 960 944 positi.
1024 845 1115 920 Isidi
1147 847 1304 922 Salutari
1332 848 1486 922 adorati·

107 984 201 1035 onem
214 961 332 1034 adfert
343 985 410 1058 pro
421 961 537 1035 amico
546 963 734 1061 Dionysio,
745 962 1486 1064 fflio(Phannphisl),NicomachnsApol·

107 1085 236 1160 lonidae.
289 1087 406 1160 Tituli
423 1085 532 1185 hujus
549 1102 803 1177 memorantur,
823 1089 895 1163 scil
915 1080 1104 1184 Συγγενήι
1123 1093 1263 1190 (supra,
1282 1114 1410 1168 ccccv.
1428 1091 1484 1186 b.)

107 1221 138 1282 et
152 1200 365 1308 Στρατηγόι
381 1212 582 1286 Nomorum
599 1213 800 1314 Putdymtoe
816 1227 854 1288 et
869 1213 1084 1315 Latopolitoe.
1137 1214 1325 1290 Succurrit
1349 1217 1485 1315 legenti

106 1333 192 1411 hunc
209 1339 456 1436 magistratum
474 1339 630 1414 eundem
646 1337 757 1414 fuisse
780 1339 818 1412 in
841 1363 920 1412 aevo
937 1339 1157 1437 Lagidarum
1175 1365 1217 1414 ac
1232 1331 1485 1436 Ἑρμωνθίτου

107 1455 158 1532 καὶ
169 1457 431 1536 Λατοπολίτου
455 1465 493 1537 in
519 1465 740 1539 recentiore:
772 1464 864 1538 conl.
881 1463 963 1539 infr.
990 1488 1147 1540 cccnxrr.
1166 1467 1200 1539 b.
1247 1489 1432 1541 cccnxvn.
1450 1468 1483 1540 b.

107 1601 320 1656 ccccxxvm.
338 1608 372 1655 n.
415 1584 469 1656 Re
486 1583 573 1680 ipsa,
588 1583 721 1657 diserte
738 1594 890 1656 testatur
906 1607 1064 1682 papyrus
1081 1610 1102 1658 a
1119 1585 1338 1658 Reuvcnsio⁰
1354 1585 1485 1658 citatus

106 1701 266 1798 oppidum
285 1701 534 1780 Hernwntlem
551 1705 598 1779 ad
615 1729 763 1779 nomum
776 1703 1006 1804 Pathyritam
1022 1705 1250 1803 pertinuisse,
1267 1705 1365 1778 unde
1383 1720 1421 1778 et
1437 1730 1485 1778 ex

106 1820 216 1892 verbis
233 1821 358 1894 Plinii‘l
375 1823 444 1896 rite
462 1821 637 1897 ordinatis
655 1823 820 1920 sequitur
836 1848 919 1897 eum
938 1849 959 1897 a
975 1824 1152 1898 limitibus
1174 1821 1317 1924 Coptica
1342 1849 1380 1898 se
1406 1849 1486 1923 por·

106 1937 230 2012 rexisse
247 1965 364 2036 usque
382 1941 428 2014 ad
441 1939 701 2029 Hnmonrtem,
715 1941 786 2015 hoc
803 1953 868 2034 est,
887 1953 1041 2016 tractum
1063 1965 1257 2040 occupasse
1276 1945 1340 2040 qui
1364 1969 1487 2018 recen-

107 2055 168 2130 tius
181 2061 333 2134 mutavit
346 2084 478 2134 nomen
491 2059 1018 2156 factusqueestHermontbites.
1056 2061 1175 2137 Causa
1187 2062 1317 2136 mutati
1329 2065 1485 2137 nominis

104 2177 241 2254 sortasse
271 2195 358 2269 crat,
382 2181 482 2280 quod
509 2182 600 2256 situs
626 2180 751 2279 oppidi
772 2182 881 2278 juxta
909 2182 1025 2280 ripam
1053 2181 1130 2255 Nili
1156 2181 1382 2256 commodior
1409 2195 1487 2257 erat

106 2301 203 2375 rebus
236 2300 419 2377 fiscalibus
455 2301 697 2400 transigendis
731 2325 840 2397 quam
870 2300 943 2374 vici
976 2299 1231 2374 mediterranei
1264 2301 1380 2397 qualis
1417 2301 1488 2376 fuit

106 2419 290 2521 Pathyris.

172 2540 337 2638 Vestigia
362 2539 517 2614 nominis
548 2565 586 2615 se
608 2541 770 2639 produnt
799 2539 896 2638 apud
916 2539 1086 2626 Plinium,
1104 2539 1167 2636 qui
1184 2551 1305 2613 tamen
1323 2537 1488 2614 ordinem

102 2659 225 2752 justam
243 2664 442 2762 corrumpit
458 2665 497 2736 in
514 2688 666 2738 recensu
680 2689 745 2738 suo
759 2663 958 2736 Nomomm
972 2659 1181 2754 Thebaidis,
1194 2661 1255 2734 cui
1272 2659 1486 2734 medicinam

105 2783 213 2876 quivis
239 2782 431 2858 admovere
457 2785 579 2882 possit
632 2785 729 2858 Dein
746 2784 926 2859 cernimus
943 2784 983 2856 in
999 2808 1043 2856 eo
1061 2781 1162 2878 qnod
1185 2795 1361 2855 memorat
1379 2783 1488 2855 Euse-

138 3025 241 3084 *cont
256 3026 362 3105 Papyr.
377 3027 510 3086 Leidens.
518 3025 611 3104 Epist.
624 3044 665 3085 111.
679 3047 706 3104 p.
717 3030 765 3087 30.
815 3045 848 3085 re
865 3045 934 3086 vera
952 3023 1113 3084 censendus
1134 3033 1180 3084 est
1202 3024 1349 3084 adversari
1362 3025 1486 3094 Plinius,

103 3124 149 3182 nbi
166 3125 276 3184 mentio
288 3125 388 3202 oppidi
411 3125 602 3184 Hermonthis
626 3125 710 3185 ducit
729 3126 766 3184 ad
815 3125 920 3204 posito,
942 3125 1022 3202 qnod
1039 3125 1123 3183 facile
1142 3124 1308 3196 credideris,
1330 3145 1397 3184 eum
1414 3127 1487 3184 osci-

104 3241 171 3300 seqq.
184 3222 343 3304 b'ltppu'vtu
357 3231 402 3284 τοῦ
413 3226 561 3304 mereim
574 3229 616 3290 τῖς
628 3221 765 3292 Θηβαΐδος.
817 3235 914 3284 tsnter
930 3225 1058 3301 stiloque
1076 3223 1164 3282 nimis
1184 3225 1291 3283 festino
1310 3244 1364 3302 pro
1383 3226 1488 3298 majore

103 3319 223 3382 Nomum
242 3323 333 3382 fuisse
346 3323 494 3384 dimum
507 3344 524 3383 a
538 3325 687 3402 Diopolita
706 3345 766 3382 ma-
817 3322 1004 3398 Diopolt'tnna
1020 3321 1169 3398 scripsisse
1182 3319 1358 3379 Plantas-itm.
1403 3321 1486 3379 Conf.

102 3419 234 3480 nisestnm
254 3431 299 3480 est
319 3441 356 3480 ex
371 3424 542 3482 Taurinam.
556 3441 620 3483 vm.
634 3441 673 3482 xa
688 3424 767 3500 quod
816 3443 876 3501 arg.
890 3424 960 3482 inlr.

103 3535 173 3581 recte
186 3531 333 3581 statutum
346 3523 430 3583 video
443 3526 620 3604 aDroyseno
629 3526 660 3584 in
668 3525 766 3585 Museo
855 3529 866 3554 ·
880 3520 962 3579 Oonf.
973 3519 1096 3578 Ptolem.
1109 3519 1141 3577 in
1151 3519 1249 3578 Descr.
1265 3517 1355 3578 Theb.
1370 3521 1423 3578 ubi
1437 3522 1487 3580 ob-

103 3619 225 3680 Rdmem.
239 3641 284 3678 an.
302 3623 385 3688 1839.
815 3619 863 3677 via
884 3627 963 3688 sunt,
987 3613 1117 3693 precipuae
1140 3616 1211 3692 uipera
1236 3619 1352 3696 Tadvgis.
1400 3619 1488 3678 Certo

137 3717 239 3777 ‘Liba
248 3735 277 3775 v·
291 3723 318 3784 9.
328 3723 355 3779 3.
385 3719 546 3798 Hisponas
562 3721 688 3780 Τὴὺιιῖειι
699 3729 766 3799 post
815 3718 925 3776 certius
948 3725 993 3775 est
1013 3715 1062 3774 hic
1085 3733 1183 3775 errore
1208 3715 1323 3774 librarii
1344 3717 1488 3794 scriptum

103 3815 270 3892 Diospolites,
286 3827 322 3876 ut
335 3819 472 3896 procedat
486 3821 675 3891 enumeratio,
690 3821 765 3881 Har-
816 3817 906 3876 fuisse
926 3825 949 3874 Τ
967 3835 1021 3893 pro
1040 3824 1078 3884 Π,
1099 3834 1166 3873 nam
1185 3815 1221 3874 de
1236 3815 1354 3892 regione
1376 3817 1487 3896 Libyca

103 3919 246 3986 mannes,
262 3919 435 3988 Phalarim,
450 3919 579 3995 Coptitea,
594 3929 649 3978 etc.
673 3919 703 3979 N
704 3931 765 3979 ota·
815 3916 877 3992 egit
891 3913 1082 3992 Geographns
1102 3914 1155 3972 nbi
1175 3913 1367 3992 Metropolem
1380 3914 1487 3992 Pally-

101 4013 154 4076 bile
165 4029 209 4078 est
220 4021 411 4079 Ptolemaeum
426 4019 479 4097 (tv.
489 4017 533 4094 5.)
546 4037 605 4076 non
618 4019 766 4079 admisisse
815 4015 875 4074 raa
887 4013 1071 4074 statuendam
1085 4031 1145 4072 esse
1157 4031 1242 4071 nemo
1255 4012 1380 4090 ignorat.
1407 4015 1486 4090 Κύμη

102 4132 198 4177 nomen
213 4119 398 4196 Pathyritam,
419 4118 584 4176 meminisse
604 4137 673 4176 vero
692 4119 768 4177 nomi
814 4113 890 4172 facts
903 4122 976 4184 erat,
990 4112 1021 4169 id
1035 4111 1114 4188 qnod
1133 4113 1253 4172 amissos
1272 4113 1396 4173 honores
1416 4115 1486 4174 satis

104 4215 247 4278 Murram
267 4231 298 4278 et
318 4217 522 4289 Hemomttue,
545 4217 576 4275 id
597 4216 676 4294 quod
697 4237 765 4276 con-
813 4213 934 4272 indicat.
976 4212 1058 4272 Conf.
1073 4220 1133 4271 not.
1144 4231 1228 4290 prox.

102 4311 252 4376 elusionem
273 4327 405 4376 nostram
425 4315 496 4374 satis
516 4315 650 4374 stabilit:
671 4335 765 4394 neque

160 4433 280 4481 rsscrc.
295 4435 346 4480 111.
766 4417 785 4480 2
801 4438 823 4482 n
