3918 5240
489 525 553 590 148
898 523 1254 593 INSORIPTIONES
1276 524 1468 593 GRAEOAE.
1668 529 1867 614 [mannaan.

489 715 631 811 diisque
658 712 799 788 eunctis
827 735 893 810 per
922 709 1166 809 Serapionem,
1194 709 1260 807 qui
1286 721 1324 785 et
1345 707 1510 788 Isidorus
1534 709 1684 802 audivit
1706 711 1817 787 filium
1836 723 1868 786 et

488 845 657 932 nepotem
674 831 926 931 Didymeum,
949 829 1216 929 hieropoeorum
1240 829 1414 920 Antinoi,
1439 854 1598 928 quonum
1623 858 1662 907 se
1680 835 1868 931 junxerant

488 951 569 1045 Isis,
593 975 676 1048 quae
701 960 739 1022 st
751 947 937 1034 Eusebeia,
956 945 1168 1037 Gentianus,
1188 945 1363 1046 Serapias,
1390 971 1472 1047 qum
1497 962 1535 1025 et
1564 950 1761 1042 Theodora,
1784 953 1867 1026 Pho

488 1070 598 1145 ontis:
626 1067 877 1167 praefecturam
891 1066 1045 1166 AEgypti
1061 1077 1207 1142 tenente
1220 1067 1406 1143 Flaviano·

563 1191 770 1266 Ediderunt
790 1189 890 1264 hunc
909 1189 1056 1264 titulum
1082 1189 1339 1264 Hamiltonusm
1362 1201 1399 1264 et
1428 1189 1498 1288 (ex
1526 1189 1610 1290 illo)
1635 1192 1864 1266 Latronnim.

487 1311 611 1386 Video
627 1334 773 1408 quoque
791 1335 825 1383 v.
844 1312 874 1382 1.
891 1309 1042 1384 citatum
1059 1331 1108 1382 ex
1126 1307 1278 1408 Belleyo
1294 1309 1341 1382 ab
1358 1306 1526 1384 Eckheb

561 1433 607 1506 In
630 1431 832 1529 exemplari
858 1429 1008 1505 Hamilt
1038 1429 1206 1504 desidero
1234 1430 1274 1504 in
1300 1455 1334 1504 v.
1353 1431 1385 1504 3.
1405 1429 1650 1504 minusculum
1676 1431 1865 1507 illudente

488 1557 572 1637 κΑΙ,
590 1549 690 1648 quod
701 1561 801 1624 reete
819 1548 1003 1648 supplevit
1020 1549 1191 1623 Lstronn.
1245 1547 1429 1625 Omissum
1445 1547 1592 1624 videtu
1604 1573 1626 1624 a
1638 1551 1864 1646 quadratario,

486 1668 619 1745 deinde
647 1694 720 1767 qua
747 1681 891 1767 poterat
917 1667 1063 1742 solertia
1089 1668 1280 1744 intrusum.
1349 1668 1563 1746 Rectissime
1584 1693 1695 1768 porro
1722 1673 1865 1768 conjecit

485 1790 658 1863 Letronn.
689 1788 728 1862 in
755 1791 841 1864 4-5.
869 1793 1138 1864 ΙΕΡΟΠΟΙωΝ
1169 1789 1235 1864 ubi
1264 1789 1417 1865 Hamllt.
1445 1795 1719 1866 revomens.
1768 1791 1810 1865 In
1832 1796 1861 1864 5.

485 1909 607 1983 omisit
635 1909 786 1984 Hamilt.
813 1916 882 1985 ΤΗ
913 1921 997 1986 ante
1034 1916 1105 1986 ΚΑΙ
1136 1911 1175 1984 in
1208 1911 1302 1986 med.
1329 1935 1422 1986 vers.
1485 1911 1582 1986 Dein
1607 1913 1647 1986 in
1670 1911 1742 1986 fine
1765 1912 1863 1986 habet

484 2035 744 2106 ΟΕΝΤΙΑΝω.
812 2029 959 2103 Praebet
992 2029 1180 2128 exemplar
1217 2028 1317 2103 unde
1350 2027 1455 2104 hausi
1487 2053 1569 2104 mea
1601 2032 1716 2130 magis
1747 2043 1860 2104 uotum

485 2159 512 2225 Γ
512 2157 742 2227 sustento.
794 2151 840 2225 In
859 2155 890 2226 6.
908 2151 1170 2250 Aeoipionom.
1188 2156 1365 2228 ΦωΚΑΤΙ
1378 2176 1446 2250 pro
1455 2149 1639 2242 feminino,
1652 2165 1696 2226 ut
1711 2157 1858 2228 ΑΡΣΑΣΙ

482 2271 521 2344 in
538 2271 662 2371 Lyciis
679 2271 761 2346 obv.
815 2270 922 2347 Conf.
942 2295 1038 2368 supr.
1064 2293 1227 2348 ccxcvn.
1246 2274 1278 2346 5.
1330 2273 1376 2345 In
1394 2273 1426 2346 l.
1447 2273 1479 2346 8.
1506 2271 1658 2348 deerant
1686 2273 1725 2346 in
1749 2296 1859 2371 apogr.

482 2416 574 2480 mee,
593 2392 687 2466 siout
698 2391 796 2490 apud
813 2391 976 2480 Hamilt.,
995 2391 1147 2491 vestigia
1163 2392 1232 2466 litt.
1251 2414 1333 2488 quae
1350 2391 1532 2490 supplevit
1541 2393 1715 2468 Letronn.
1732 2392 1860 2468 rationi·

481 2517 550 2590 bus
578 2517 663 2590 satis
689 2516 939 2615 probabilibus
962 2515 1089 2606 fretus,
1104 2517 1142 2591 in
1169 2517 1243 2592 suis
1268 2517 1418 2596 minuso.
1442 2509 1547 2596 ἔτους
1565 2557 1583 2570 -
1604 2557 1622 2571 -
1643 2555 1662 2570 -
1682 2504 1857 2614 Αὐτοκρά-

481 2667 593 2738 τορος
613 2635 809 2739 Καίσαρος·
828 2639 884 2714 Μ.
897 2635 991 2739 Αὐρ.
1006 2660 1047 2698 =
1059 2629 1264 2735 Κομμόδου
1284 2635 1528 2716 Ἀντωνείνου
1542 2629 1741 2731 {effluo-ror]
1761 2681 1775 2696 ·
1796 2681 1809 2695 ·
1829 2680 1859 2727 ·,

478 2784 602 2858 neque
613 2761 731 2836 habeo
741 2762 819 2861 ipso
835 2761 966 2836 melius
979 2761 1081 2860 quod
1090 2785 1312 2860 proponam3
1330 2786 1548 2860 quamquam
1561 2761 1745 2838 duraverit
1755 2785 1858 2858 usque

517 3047 746 3128 ¹DeBithynlo
755 3049 875 3124 juvene,
889 3048 1147 3125 amasioprimnm,
1197 3043 1341 3122 m'fieulos,
1375 3044 1559 3122 contemptui
1589 3043 1737 3114 habentes,
1770 3051 1804 3101 ut
1831 3042 1858 3098 in

476 3146 589 3216 deinde,
599 3145 808 3224 utpsrhibent,
817 3145 945 3216 victima,
953 3144 1149 3215 Hadrianum
1199 3145 1320 3204 Sueten.
1350 3145 1548 3203 Donusam
1574 3143 1649 3203 med.
1673 3145 1761 3204 Moses
1782 3141 1860 3202 Iena·

430 3231 434 3238 ’
477 3247 566 3322 eujus
584 3245 751 3304 memoriam
770 3245 872 3322 posita
893 3253 965 3303 sunt
978 3245 1015 3303 ab
1028 3243 1150 3304 adman-
1200 3243 1301 3302 maus
1325 3242 1427 3313 iabiu,
1455 3244 1576 3320 fraterque
1600 3243 1767 3319 samficulee
1789 3260 1859 3299 oona

476 3347 560 3405 tibus
572 3353 690 3416 stntnoe,
701 3345 810 3423 templa
822 3353 981 3416 exstructa,
996 3346 1149 3404 immonn-
1199 3341 1420 3418 superstitiones·
1433 3373 1445 3386 ·
1460 3342 1628 3413 -oatarmt,
1641 3351 1696 3402 ete.
1735 3343 1802 3400 Vox
1816 3339 1858 3398 ds-

477 3446 528 3505 bes
554 3443 687 3514 eonditae,
715 3443 790 3501 eonf.
817 3444 849 3501 in
875 3443 979 3520 primis
1005 3443 1091 3503 Dion.
1118 3442 1150 3500 in
1199 3449 1375 3517 sumptaest
1388 3457 1426 3498 ex
1439 3439 1668 3500 Atheniensium
1680 3441 1762 3518 polit
1785 3437 1857 3498 bont

476 3544 622 3602 Hadrian
635 3559 718 3600 nxsx.
735 3541 779 3600 ll.
821 3541 967 3618 spartian.
981 3540 1025 3599 Id.
1046 3559 1070 3599 e.
1084 3537 1147 3600 nv.
1199 3541 1350 3599 Demosth.
1368 3540 1546 3601 coturnis
1568 3543 1715 3619 petat.
1735 3539 1857 3600 ernau

476 3639 734 3702 Moestum.
749 3657 824 3698 mr.
842 3639 885 3700 16.
899 3639 964 3698 init.
1006 3639 1052 3699 De
1064 3639 1148 3698 Man·
1197 3641 1262 3700 ode.
1278 3640 1420 3700 macria
1438 3642 1522 3700 13³1.
1535 3641 1564 3700 5.
1584 3639 1700 3698 Reiske.

475 3740 636 3800 tinansium
648 3740 681 3797 in
693 3737 748 3798 heo
760 3759 793 3798 re
806 3739 904 3797 studio
924 3737 1008 3797 adeas
1021 3739 1145 3798 Pausan.
1267 3743 1350 3802 conf.
1364 3743 1524 3820 AEyyptim
1544 3762 1573 3820 p.
1584 3744 1652 3802 405.

476 3857 540 3898 vm.
554 3843 582 3905 9.
596 3841 625 3898 4.
656 3835 788 3914 'Ereps‘cla
809 3833 835 3896 ll
856 3841 903 3896 ui
916 3835 1040 3902 'Arsinos
1061 3839 1146 3910 σφίσιν
1236 3850 1249 3874 '¹
1262 3842 1333 3901 Vid.
1346 3841 1477 3918 [morelli.
1494 3841 1582 3902 Gir-d
1599 3841 1665 3901 Lm.
1683 3841 1716 3900 de
1731 3823 1855 3918 l'E'yyplt.

474 3931 535 3994 abac
549 3934 595 4000 θός
608 3948 674 3992 ιλ.
717 3932 916 3992 Nummorum
929 3933 1096 3992 testimonia
1109 3952 1147 3992 ex
1196 3949 1297 4000 tonan
1311 3961 1338 4019 p.
1350 3944 1417 3999 444.
1431 3961 1459 3998 n.
1471 3957 1567 4000 xum.

474 4032 1147 4111 urbibueoompluribusGraoievideoongesta
1235 4039 1345 4098 ⁰Gonf.
1358 4035 1508 4097 Me‘nroiras
1529 4039 1564 4098 da
1584 4036 1697 4097 l'Arod.
1717 4038 1764 4096 des
1780 4037 1814 4095 B.
1826 4033 1856 4091 L.

473 4134 505 4192 in
519 4131 640 4191 Eokhel.
654 4148 695 4191 vt
710 4151 758 4208 pp·
769 4133 838 4190 530·
853 4149 889 4188 aa
1196 4147 1266 4197 tom.
1280 4155 1402 4197 xxxvu.
1422 4157 1451 4216 p.
1462 4140 1530 4199 405.
1551 4138 1600 4197 eit
1623 4137 1655 4196 in
1672 4137 1770 4196 Doetr.
1779 4135 1855 4193 Num

476 4259 480 4266 ·
511 4228 658 4312 ‘lacunela
678 4229 790 4289 inlus.
804 4231 947 4290 vocabant
966 4231 1146 4292 Romaniso·
1197 4237 1373 4314 rv.p.3l.b.
1401 4234 1522 4294 Titulus
1531 4230 1838 4294 fuerat'l'onrnefortii
