4028 5258
491 529 553 594 asa
897 529 1249 600 nrsonrerronns
1271 531 1465 600 onnon.
1642 536 1888 617 [massonus.

495 717 664 793 Graecum
685 713 795 790 luisse
822 718 956 806 statuit,
974 729 1188 816 argumento
1212 717 1347 794 exinde
1364 731 1471 817 capto
1488 717 1535 793 ad
1552 721 1768 794 sententiam
1786 745 1886 794 suam

494 833 540 908 de
560 835 734 933 Strategis
752 835 1025 924 stabiliendam0,
1043 837 1143 932 quod
1160 835 1306 912 videtur
1322 837 1376 912 rei
1393 861 1521 935 parum
1538 863 1750 938 congruere.
1778 839 1886 916 Conf.

494 953 592 1028 dicta
608 953 654 1028 ad
672 955 891 1043 Memnonia,
910 977 1095 1032 cccnxvn.
1114 958 1147 1028 2.
1172 977 1345 1032 cccnxrx.
1368 957 1402 1028 l.

760 1249 1610 1288 111111111111011

591 1463 687 1540 Mihi
724 1465 763 1538 in
793 1465 919 1564 primis
953 1465 1180 1564 propositum
1214 1465 1284 1541 fuit
1316 1465 1525 1565 praegressis
1557 1465 1671 1538 instar
1705 1464 1884 1539 coronidis

495 1609 675 1684 apponere
697 1585 851 1660 alterum
874 1599 1084 1683 apparatum
1108 1587 1287 1686 Libycum
1311 1611 1421 1684 quem
1442 1587 1481 1659 in
1505 1585 1646 1658 scriniis
1667 1585 1883 1682 jamdudum

495 1706 768 1781 adservaveram
785 1703 995 1800 repositum.
1047 1703 1229 1778 Nimirum
1254 1715 1497 1778 commoratus
1520 1701 1733 1797 aliquandiu
1751 1703 1789 1776 in
1805 1702 1884 1776 looo

495 1829 697 1930 percelebri
718 1826 847 1932 &pall
868 1829 978 1929 wbldl,
999 1829 1194 1926 necropole
1220 1842 1391 1904 montana
1415 1828 1632 1914 inlustrium,
1651 1829 1715 1924 qui
1733 1827 1884 1902 subditis

496 1953 569 2026 suis
583 1953 675 2048 jura,
692 1950 857 2023 hostibus
874 1963 1018 2023 catenas
1044 1949 1188 2036 dabant,
1206 1950 1420 2048 principum,
1438 1951 1534 2023 inter
1550 1948 1749 2046 penetralia
1765 1947 1885 2022 abdita

494 2087 702 2140 recessuum
720 2087 903 2137 sacrorum
920 2063 1085 2162 congessi
1102 2063 1324 2137 monimenta
1340 2061 1571 2162 epigraphica
1588 2061 1811 2148 adeuntium,
1827 2061 1883 2134 vel

495 2188 617 2286 potius
642 2195 917 2285 proscynemata
941 2181 1108 2270 dixerim,
1134 2207 1216 2280 quse
1240 2182 1359 2256 visum
1387 2181 1615 2256 solicitabant
1639 2205 1713 2253 non
1738 2192 1813 2252 tam
1838 2179 1883 2251 ob

496 2301 664 2375 decorem
692 2298 777 2391 stili,
802 2296 866 2394 qui
892 2296 1086 2370 maximam
1116 2308 1255 2393 partem
1280 2297 1414 2384 aberat,
1440 2319 1549 2392 quam
1576 2295 1624 2368 ob
1647 2293 1882 2368 reverentiam

495 2421 577 2510 loci,
601 2419 824 2517 antiquitatis
854 2417 1070 2491 venerandae
1100 2417 1267 2514 speciem,
1294 2417 1404 2490 immo
1431 2415 1618 2514 religionis
1648 2438 1792 2488 sensum
1822 2413 1882 2510 qui

496 2551 655 2615 mentem
677 2535 891 2636 perstrinxit
908 2536 1052 2609 attoniti
1075 2535 1232 2632 primum
1250 2547 1287 2608 et
1303 2535 1341 2608 vi
1358 2534 1546 2610 subitanea
1562 2533 1736 2630 conrepti,
1754 2529 1881 2606 deinde

495 2659 671 2746 intuendi,
697 2655 903 2756 indagandi,
930 2680 1051 2730 amore
1077 2655 1302 2754 inexplebili.
1354 2656 1455 2730 Huic
1477 2655 1701 2750 obsequutus
1724 2665 1763 2726 et
1789 2675 1881 2726 occa·

496 2783 596 2858 sione
613 2779 766 2854 nimium
783 2776 888 2851 brevi
909 2801 996 2850 usus
1021 2776 1220 2875 insigniora
1241 2774 1407 2876 quasdam
1433 2775 1568 2850 chartis
1592 2774 1770 2848 commisi.
1819 2772 1880 2844 Re·

495 2924 621 2976 versus
650 2897 698 2972 ad
727 2894 848 2970 studia
873 2896 1123 2992 tranquilliora
1152 2895 1294 2969 labores
1328 2908 1463 2969 temere
1490 2894 1671 2991 impensos
1702 2891 1878 2991 comperi:

496 3017 678 3118 praeivisse
696 3015 792 3088 enim
818 3014 1019 3087 litterarum
1039 3011 1396 3112 hierographicarum
1413 3013 1601 3098 antistites,
1621 3011 1776 3086 Saltium
1795 3010 1879 3092 dico,

497 3135 822 3234 Champollionem,
840 3130 1122 3220 Wilkinsonum,
1139 3145 1182 3206 ut
1199 3131 1244 3206 de
1262 3133 1391 3207 ceteris
1408 3145 1556 3220 taceam,
1573 3157 1731 3228 quorum
1748 3133 1880 3206 thesau-

495 3283 556 3332 ros
574 3253 811 3352 amplissimos
829 3251 960 3350 agnovi
976 3250 1065 3324 meis
1083 3249 1174 3324 adeo
1192 3251 1438 3348 praecellentes
1452 3263 1493 3325 ut
1504 3275 1649 3350 operam
1666 3251 1879 3349 perdiderim

496 3391 605 3476 atque
631 3375 762 3458 oleum,
793 3371 903 3444 immo
928 3369 1132 3468 legentibus
1158 3368 1309 3442 fortasse
1335 3368 1519 3444 fastidium
1543 3372 1731 3466 moverim,
1757 3371 1879 3470 opibus

495 3495 635 3599 pusillis
652 3495 691 3568 in
707 3493 827 3566 lucem
844 3489 1029 3587 promptis.
1082 3486 1225 3562 Idcirco
1243 3486 1372 3560 melius
1390 3487 1633 3562 conticescere
1658 3488 1780 3562 stattu.
1827 3487 1879 3560 En

496 3639 641 3714 quoque
659 3609 865 3708 nuperrime
882 3606 972 3681 mihi
988 3607 1028 3680 in
1043 3605 1179 3680 rustico
1205 3629 1287 3680 meo
1305 3603 1489 3680 domicilio
1507 3608 1666 3682 versanti
1692 3609 1802 3682 missa
1815 3605 1880 3682 viri

536 3903 549 3930 ⁰
565 3891 707 3952 Doctrina
725 3887 878 3946 Latronnii
897 3895 955 3946 est:
976 3887 1050 3945 Your
1067 3887 1105 3946 la
1122 3905 1167 3948 a·
1218 3885 1374 3946 suetudine
1397 3887 1500 3946 nullus
1520 3885 1645 3958 dubito;
1679 3907 1794 3967 semper
1818 3905 1879 3946 vero

496 3993 593 4072 mpla
609 4007 714 4050 manna
729 3995 864 4062 prouomt
880 3985 974 4064 quala
986 3988 1115 4062 seauton
1132 3987 1166 4045 dc
1215 3988 1306 4048 luisse
1318 3990 1510 4060 observatam,
1530 3999 1561 4048 et
1580 3991 1701 4066 ubique,
1723 4011 1784 4050 non
1805 3992 1879 4050 item.

497 4095 622 4167 stratege
634 4085 734 4146 n’e'tait
746 4084 843 4162 confide
852 4087 898 4160 qu'
910 4083 930 4140 ὰ
942 4085 989 4143 dea
1001 4085 1085 4146 Graes
1098 4083 1166 4144 ond
1216 4085 1326 4146 Saltem
1340 4086 1376 4144 ad
1399 4089 1530 4166 regulam
1550 4089 1785 4148 constituendam
1804 4087 1878 4149 crisis

497 4198 543 4256 des
556 4179 721 4268 Egyptiena:
742 4186 795 4244 ubi
806 4204 902 4262 supra,
917 4203 945 4262 p.
957 4187 1021 4250 129.
1046 4187 1164 4244 Deeon·
1216 4187 1382 4248 arbitrariae
1395 4189 1449 4246 vix
1462 4188 1634 4248 adsciverim
1649 4191 1806 4267 suppetias.
