3918 5240
134 539 243 584 rusca.
259 517 416 606 centvm]
742 520 978 590 XANTHUS.
1467 527 1530 592 103

210 707 404 804 Descripta
425 705 471 780 de
489 705 619 805 lapide,
637 707 821 802 quondam
848 709 927 782 basi
956 721 1084 784 statua
1109 735 1218 807 quam
1243 711 1448 809 ponendam
1469 715 1529 789 de·

131 841 326 906 creverant
344 826 499 902 Xanthii
524 827 563 900 in
589 826 764 902 honorem
783 827 921 920 Quinti,
946 826 1013 902 filii
1031 829 1231 926 Apollonii,
1249 830 1314 925 qui
1331 831 1465 906 eximie
1492 859 1530 908 se

131 961 297 1050 gessem
324 949 363 1021 in
392 947 588 1022 certamine
621 948 789 1022 instituto
823 947 1023 1021 secundum
1057 959 1313 1024 testamentum
1343 951 1528 1051 Agrippae.

132 1075 219 1148 Hoc
236 1083 490 1170 argumentum
506 1070 674 1169 generale
692 1083 769 1144 est:
798 1070 844 1144 de
863 1070 1014 1170 singulis
1031 1067 1149 1144 dicam
1167 1071 1276 1146 illico.

209 1193 323 1291 Lapis
353 1191 510 1264 insertus
532 1189 652 1264 fuerat
676 1192 712 1264 in
737 1216 882 1266 murum
909 1191 1002 1264 arcis
1028 1191 1223 1266 Xanthiae:
1251 1193 1291 1265 in
1308 1191 1437 1266 eodem
1454 1193 1529 1268 iere

131 1314 263 1388 ordine
278 1313 422 1387 stabant
434 1311 496 1386 alii
508 1313 622 1387 nostri
634 1335 811 1388 cccxvm.
820 1335 980 1404 eccm,
993 1313 1032 1384 in
1046 1311 1191 1386 diverso
1205 1333 1527 1388 cccxxrcccxxn.

131 1438 281 1510 Priores
298 1434 428 1508 horum
447 1433 563 1508 edidit
579 1436 724 1508 Franz.y
740 1436 849 1532 juxta
866 1433 1088 1531 exemplaria
1105 1433 1300 1507 Fellowsii.

207 1557 399 1653 Discrepp.
414 1566 507 1642 sunt,
520 1555 558 1627 in
572 1579 605 1627 v.
623 1557 652 1628 1.
667 1561 881 1630 ΚΟΝΤΟΝ.
923 1557 1014 1628 112.
1030 1553 1123 1628 med.
1139 1559 1238 1628 ΣΟΛ
1254 1607 1263 1626 .
1279 1549 1529 1636 ΑΣΟΥ,11111

131 1685 298 1758 Wiener.
324 1681 410 1755 satis
437 1681 674 1778 probabiliter
702 1671 942 1777 Σωστράτου.
983 1681 1110 1754 Franz.
1130 1679 1284 1754 tentavit
1297 1663 1527 1774 Σωκράτους.

131 1803 215 1875 Vix
231 1799 351 1873 habeo
368 1797 467 1894 quod
485 1799 670 1896 suppleam
696 1798 827 1872 melius
849 1822 962 1894 quum
985 1821 1034 1870 ex
1057 1796 1177 1895 lapide
1203 1821 1305 1895 paene
1324 1795 1530 1870 effluxerint

129 1920 266 1994 litterae
282 1917 449 1992 nominis.
495 1917 737 1990 Tentaveram
749 1921 971 1990 ΣΙΔΑΡΙΟΥ
983 1939 1032 1988 ex
1050 1937 1282 1991 ecnmvm.
1302 1939 1399 2014 supr.
1435 1915 1529 1990 Con·

126 2041 267 2138 jectevi
280 2037 427 2112 demum
443 2053 481 2112 et
500 2044 768 2114 κΩΔΡΑΤΟΥ.
820 2039 866 2112 In
890 2039 921 2112 8.
941 2039 978 2110 F.
1000 2044 1248 2126 ΚΑΣΙΑΝΟΥ,
1266 2044 1326 2110 ΑΓ
1328 2043 1465 2112 ΗΠΙΊΑ
1482 2037 1529 2110 ad

130 2187 165 2233 v.
186 2173 285 2234 extr.
337 2159 383 2230 In
412 2159 542 2230 16-17.
560 2157 820 2256 descripseram
842 2159 881 2230 in
902 2157 1028 2254 primis
1046 2163 1092 2231 ΔΙ
1117 2210 1126 2230 .
1148 2161 1398 2246 ΛΩΜΕΝΟΣ,
1428 2156 1463 2230 h.
1496 2181 1526 2230 e.

131 2285 349 2387 δηλώμενος
375 2316 440 2366 seu
465 2283 747 2384 δεδηλωμένος’,
765 2292 833 2364 viz.
862 2289 1030 2389 Agrippa
1046 2289 1085 2362 in
1102 2315 1139 2362 v.
1158 2292 1190 2362 8.
1244 2291 1386 2365 Verum
1408 2291 1529 2364 sanius

129 2413 244 2488 credo
261 2417 572 2488 ΔΙΑΘΕΜΕΝΟΣ
589 2415 638 2486 ob
654 2439 690 2486 v.
706 2417 736 2486 7.

206 2537 276 2612 Ad
292 2538 475 2637 exegesim
493 2563 591 2614 nunc
608 2539 750 2614 accedo.
805 2539 972 2615 Observo
989 2538 1035 2612 de
1053 2529 1202 2631 θέμιδος
1220 2525 1256 2634 γ’
1274 2541 1311 2614 in
1329 2567 1361 2614 v.
1382 2543 1412 2614 7.
1438 2541 1528 2616 mihi

128 2676 300 2738 constare
323 2665 519 2738 certamina
541 2665 724 2740 exstitisse
753 2665 911 2762 plurium
936 2665 1184 2738 institutorum
1213 2659 1423 2762 (θεμίδων),
1450 2667 1526 2768 scil.

129 2779 177 2874 α’,
197 2777 254 2878 β,
274 2776 324 2885 γ’,
348 2816 504 2888 quorum
530 2791 698 2866 ultimum
725 2792 947 2865 celebratum
972 2801 1028 2863 est
1051 2788 1249 2863 secundum
1274 2801 1526 2863 testamentum

129 2908 322 3006 Agrippae.
363 2907 424 2984 Sic
440 2909 478 2982 in
496 2909 604 2983 titulo
621 2907 880 2982 Beaufortiano
898 2907 999 2982 edito
1012 2933 1033 2982 a
1044 2909 1173 2982 Franz.
1189 2932 1223 2980 n.
1237 2910 1347 2982 4352.
1363 2909 1526 3007 legimus,

128 3028 190 3104 καὶ
214 3027 474 3110 ἐπιτελοῦντος
494 3025 600 3126 θέμιν
620 3023 913 3132 Παμφυλιακήν,
931 3033 966 3106 h.
979 3059 1010 3106 e.
1028 3033 1136 3108 ferias
1160 3033 1344 3108 institutae
1361 3035 1400 3108 in
1416 3035 1527 3110 hono

128 3176 207 3224 rem
226 3151 405 3224 Minervae
418 3163 456 3224 et
469 3151 653 3248 Apollinis
665 3175 748 3224 cum
765 3151 862 3224 ludis
879 3152 1167 3248 caerimoniisque
1184 3155 1341 3252 propriis
1354 3153 1525 3251 adjectis;

127 3277 201 3352 hoc
229 3277 327 3351 enirn
352 3278 391 3350 in
408 3301 497 3350 voce
516 3269 777 3352 ἐπιτελοῦντος
793 3276 1007 3350 includitur:
1036 3277 1082 3350 cf.
1105 3278 1242 3352 Fascio.
1262 3301 1287 3352 1.
1318 3293 1390 3352 not
1419 3279 1465 3352 ad
1488 3305 1524 3354 n.
1668 3267 1674 3284 '

129 3421 242 3474 xxxr.
265 3401 297 3470 1.
353 3397 453 3470 Hinc
479 3397 518 3469 in
536 3421 595 3468 vv.
626 3397 684 3469 10.
711 3419 754 3468 ss.
780 3394 955 3470 habemus
983 3394 1243 3469 Telemachum
1272 3395 1524 3493 agonothetam

126 3525 214 3599 festi
244 3523 402 3596 instituti
432 3513 632 3616 (θέμιδος),
659 3543 801 3616 nempe,
833 3518 1003 3594 ludorum
1034 3543 1099 3616 per
1132 3519 1170 3592 id
1200 3531 1343 3617 tempus
1369 3520 1526 3594 celebra·

128 3665 263 3724 torum.
300 3649 385 3721 Hoc
402 3647 475 3720 ritu
491 3647 584 3720 bene
598 3641 845 3741 expediuntur
861 3643 933 3718 loci
950 3657 988 3718 et
1004 3643 1043 3716 in
1058 3643 1315 3730 Telmissensi¹‚
1334 3632 1402 3738 τὴν
1414 3635 1526 3740 (κατὰ

166 3913 178 3946 ¹
192 3905 267 3964 scit
276 3923 305 3983 p.
313 3909 378 3970 149.
387 3925 415 3963 n.
425 3903 512 3968 4274.
533 3903 665 3963 Fellows
676 3923 724 3981 pp.
740 3901 802 3967 167.
854 3901 878 3962 ὁ.
891 3922 920 3979 p.
933 3899 1013 3977 172.)
1027 3909 1058 3960 et
1074 3901 1110 3959 de
1122 3899 1300 3977 Epigrsphis
1312 3900 1345 3959 in
1358 3901 1438 3961 Fasc.
1453 3919 1484 3960 11.
1497 3923 1525 3962 1.

127 4007 196 4064 412
212 4001 322 4064 2166.
853 4013 959 4054 ruvru.
972 4005 1049 4054 extr.
1063 3996 1165 4054 Frena
1175 3995 1227 4073 (ex
1237 3995 1524 4070 Fellows.)n.4264.

167 4103 265 4162 'Scil
283 4101 446 4160 declaratus.
492 4103 538 4159 De
557 4100 735 4177 Magistrstu
754 4099 804 4156 hs·
858 4099 901 4157 15.

128 4202 235 4259 bemus
248 4199 324 4258 hanc
332 4217 432 4258 vocem
447 4207 619 4276 usurpatam
629 4198 660 4256 in
669 4198 804 4256 Fascicr.
895 4197 909 4227 ⁸
922 4199 1000 4258 Vide
1013 4199 1116 4256 Franz.
1126 4199 1180 4258 ubi
1193 4217 1273 4276 supr.
1283 4217 1312 4276 p.
1323 4197 1387 4264 127.
1401 4218 1429 4258 n.
1437 4201 1524 4264 4198.

128 4319 156 4356 n
167 4315 234 4356 vnn
249 4301 275 4358 3.
288 4297 339 4375 (ct
350 4296 465 4354 Auctor.
479 4315 508 4374 p.
523 4300 587 4357 158.
609 4295 687 4354 Fasc
701 4311 731 4354 11.
743 4305 803 4354 not
855 4300 881 4360 7.
903 4296 1034 4355 Fellows
1048 4295 1116 4372 [με.
1130 4315 1179 4374 pp.
1196 4298 1260 4356 108.
1275 4298 1342 4360 373.

809 4393 859 4456 02
