3994 5244
133 551 468 634 rascacocnxxxvn]
752 545 933 613 THEBAE.

431 729 480 812 Ὀ
501 727 707 836 Σαρδιηνὸς
727 726 932 836 Παρδάλαν
952 733 1008 816 du
1027 729 1191 831 ἤκουσα·

444 863 699 966 Μεμνῆσομαι
719 871 790 945 σεῦ
808 867 879 946 κάν
898 865 1011 971 ἐμῇσι
1029 861 1226 961 βύβλοισι.

201 1047 257 1120 De
275 1072 382 1122 crure
399 1048 493 1122 laevo
511 1073 619 1146 supra
635 1074 822 1149 praegress.
842 1074 1013 1128 oconxxt
1031 1051 1175 1126 modico
1192 1051 1395 1126 intervallo.
1435 1054 1519 1126 Par-

131 1168 236 1257 dalas,
255 1170 347 1244 civis
376 1169 582 1258 Sardianus,
605 1171 662 1245 bis
690 1169 830 1244 audivit
853 1173 1097 1256 Memnonem,
1125 1170 1390 1268 polliceturque
1412 1169 1519 1244 officii

131 1314 264 1364 memor
280 1315 318 1364 se
337 1290 482 1389 papyris
500 1273 573 1364 suis
590 1289 743 1389 hospitis
760 1315 895 1364 nomen
911 1289 1256 1366 commendaturum.

202 1409 361 1484 Edidere
379 1405 551 1482 Poooolr.f
565 1409 710 1484 Jacobs.
729 1409 902 1482 Latronn.
921 1433 970 1482 ex
987 1407 1130 1482 schedis
1149 1432 1257 1506 supra
1272 1407 1389 1482 dictis.
1443 1410 1520 1482 Pri·

130 1553 206 1604 mus
232 1529 364 1604 horum
396 1531 523 1628 (quem
552 1542 728 1626 sequutus
755 1542 810 1604 est
835 1531 1007 1627 Jacobs.)
1025 1529 1151 1627 junxit
1178 1528 1326 1603 titulum
1352 1530 1518 1624 sequenti

130 1649 288 1748 adusque
316 1676 349 1724 v.
368 1654 401 1724 4.
431 1655 610 1739 ΗΛΘΟΝ,
634 1675 796 1726 seorsum
822 1651 955 1726 deinde
981 1650 1122 1726 traditis
1150 1653 1181 1724 5.
1208 1651 1252 1742 6.,
1275 1672 1455 1745 sensuque
1482 1661 1520 1721 et

131 1771 254 1845 ordine
272 1772 324 1845 sio
340 1772 485 1870 penitus
503 1772 738 1846 conturbatis.
791 1773 946 1846 Absona
967 1795 1077 1870 porro
1099 1781 1185 1844 sunt
1206 1793 1288 1866 quae
1305 1769 1409 1843 dedit
1423 1767 1461 1844 J.
1480 1769 1519 1842 in

130 1921 160 1968 v.
179 1901 211 1970 2.
229 1922 296 1996 pro
320 1887 568 1991 pspmioopur,
587 1909 654 1970 ete.
673 1895 749 1970 soil.
778 1888 977 1989 Μέμνονος
997 1890 1091 1988 ὁμοῦ
1106 1882 1181 1968 σὺν
1199 1888 1245 1992 τῇ
1266 1888 1335 1992 ἐμῇ
1356 1887 1518 1994 συμβίιρ,

130 2041 207 2112 quae
241 2017 301 2090 vel
335 2041 384 2090 ex
418 2014 592 2090 Pooookii
634 2015 834 2112 exemplari
876 2015 1172 2089 instaurationem
1205 2037 1335 2110 oapere
1368 2013 1517 2111 possint.

130 2137 262 2212 Mende
275 2138 378 2214 Saltii
396 2149 490 2224 sunt,
508 2137 546 2209 in
564 2161 599 2210 v.
615 2139 647 2210 1.
666 2135 762 2210 med.
784 2142 1033 2224 ΠΛΡΔΛΛΛΟ,
1050 2135 1089 2209 in
1107 2138 1142 2208 2.
1161 2139 1517 2222 ΜΕΜΝΗΟΟΛΜ,

131 2256 258 2332 deinde
297 2257 345 2332 ad
376 2257 437 2334 fin.
471 2263 618 2356 oinct.
689 2259 831 2332 Versus
866 2269 952 2332 sunt
980 2257 1228 2355 Hipponactei
1258 2255 1376 2352 qualia
1411 2279 1519 2353 supra

130 2399 352 2454 cccrmur.
374 2381 407 2452 1.
426 2389 528 2452 metr.

199 2503 357 2576 Notatur
382 2502 424 2576 in
448 2501 512 2576 ult.
541 2499 724 2576 scribendi
752 2499 884 2574 modus
910 2490 1107 2590 βύβλοισι,
1135 2498 1236 2596 quod
1262 2509 1300 2574 et
1328 2491 1518 2588 βίβλοισι,

130 2629 245 2703 minus
270 2641 447 2715 accurate,
465 2651 579 2725 quum
595 2625 719 2700 thema
734 2626 782 2700 sit
799 2615 962 2716 Βύβλος,
975 2624 1149 2723 oppidum
1164 2625 1328 2724 AEgypti,
1345 2623 1443 2698 unde
1461 2624 1519 2698 ha·

130 2747 280 2822 bebatur
300 2773 462 2848 ρορριιιο
487 2771 641 2847 cyperus.
696 2746 754 2820 Da
771 2744 842 2819 hoo
859 2744 966 2819 adeas
987 2744 1200 2843 Sprengel.⁸,
1220 2757 1329 2840 atque
1347 2744 1443 2818 inter
1459 2769 1519 2818 ve-

131 2878 234 2954 teres,
256 2865 461 2940 Dioscorid.
481 2863 720 2962 Theophrast.
738 2861 851 2937 Plin.h
901 2863 1042 2938 Pariter
1057 2863 1097 2936 in
1109 2861 1296 2962 AEsohylo¹
1312 2863 1419 2938 obvia
1436 2876 1520 2938 sunt

131 2980 314 3079 Βύβλινον
332 3003 369 3064 et
386 2979 551 3078 Βύβλος.
605 2991 769 3062 Praesens
796 3013 922 3062 sensus
948 2990 1108 3064 occurrit
1131 2989 1170 3062 in
1191 2989 1385 3066 Herodot¹¹
1410 2979 1520 3062 Μετὰ

131 3104 167 3186 δὲ
185 3118 320 3189 τοῦτον
338 3105 544 3210 κατέλεγον
559 3109 594 3186 οὶ
610 3104 703 3210 ἱρέες
717 3108 758 3186 ἐκ
771 3103 923 3203 βύβλου
939 3106 1070 3188 ἄλλων
1083 3105 1284 3210 βασιλήων
1296 3105 1520 3212 τριηκοσίων

130 3235 246 3314 τεκαὶ
265 3229 467 3338 τριήκοντα
486 3225 687 3330 οὐνόματα.

626 3455 978 3534 CCCLXXXVII.
1005 3485 1048 3534 w,

198 3618 392 3714 Descripta
421 3617 594 3706 indidem,
623 3621 802 3718 praeunti
829 3621 996 3720 proxime
1028 3622 1223 3720 supposita.
1287 3623 1434 3696 Titulus
1464 3638 1520 3700 est

130 3740 307 3827 metricus,
335 3737 516 3814 referente
546 3739 690 3835 Catulo,
718 3743 949 3842 Epistratego
976 3742 1186 3830 Thebaidis,
1216 3766 1254 3816 se
1284 3743 1517 3818 Memnonem

166 3937 246 3998 'Ubi
267 3959 365 4018 supra,
385 3960 413 3998 n.
427 3944 470 4001 10.
487 3943 554 4001 Loc.
572 3941 687 4004 Jacobs.
701 3955 747 4005 est
765 3947 797 4004 in
888 3947 985 4006 ¹¹Lori
1006 3955 1085 4018 sunt,
1101 3945 1232 4006 Dioscor.
1247 3964 1266 4006 1.
1284 3945 1349 4007 116.
1374 3946 1518 4026 Theophr.

129 4035 311 4113 Dmketnst.
322 4047 411 4116 step
423 4038 471 4100 65.
492 4041 654 4112 Latronnii,
669 4043 700 4100 in
711 4063 739 4122 p.
749 4047 797 4108 54.
847 4043 921 4103 Her.
930 4044 1026 4103 Pluat.
1035 4061 1075 4103 ιν.
1094 4047 1122 4108 9.
1142 4043 1219 4101 Plin.
1229 4059 1294 4102 xm.
1309 4047 1356 4102 22.
1368 4048 1392 4102 l.

131 4153 204 4214 supr.
219 4155 306 4196 ων.
316 4141 363 4204 49.
887 4144 895 4178 ¹
910 4145 993 4204 Cous.
1004 4144 1102 4203 Prom.
1118 4143 1151 4204 V.
1166 4141 1233 4209 817.
1254 4143 1378 4221 supplic.
1387 4143 1453 4210 774.
1466 4147 1519 4204 Ed

165 4246 176 4280 ὅ
191 4237 272 4295 Tom.
287 4253 306 4294 1.
330 4257 379 4313 pp.
394 4235 421 4300 7·
433 4241 480 4297 20.
510 4239 592 4298 Conf.
606 4249 637 4302 et
650 4241 797 4319 Schweig·
847 4243 954 4306 Bloms.

130 4329 486 4396 transmiseramus
499 4355 517 4396 ι.
532 4358 560 4416 p.
575 4341 638 4404 127.
887 4343 991 4402 *Liba
1003 4359 1034 4402 11.
1048 4347 1111 4403 100.
1126 4343 1189 4402 init

773 4438 868 4502 2112
