3994 5242
461 527 501 590 66
862 523 1218 602 INSCRIPTIONES
1240 526 1436 624 QRAEGAE.
1473 527 1716 617 [mssaccxcr.
1729 549 1850 596 ccxcvi.
1969 541 1984 595 s

463 715 642 813 expressit
658 719 700 790 R.
718 721 726 788 Ι
742 731 768 790 t:
782 720 1000 790 ΑΙΔΙΔΟΤ.
1022 768 1031 788 .
1050 721 1217 790 ΠΑΝΟΣ
1236 715 1340 815 (vide
1364 741 1459 815 supr.
1478 716 1525 790 ad
1541 743 1574 790 v.
1595 717 1669 814 13.)
1686 723 1852 793 ΤΟΥΝΑ

467 887 477 907 .
495 888 504 906 .
523 841 736 910 ΑΘΥΓΟΔ.
751 889 760 908 .
774 842 836 911 Η.
849 842 1138 909 ..ΕΙΞΕΙΑΙΤΩ
1147 893 1284 908 .....
1291 842 1529 912 ΑΜΜΕΝΩ.
1543 845 1739 913 ....ΛΛΟ
1778 840 1853 912 Dis·

465 957 595 1030 seritur
628 955 689 1030 hic
722 956 768 1030 de
803 955 970 1030 mercede
1000 954 1302 1028 transfretationis
1336 979 1444 1050 quam
1472 956 1509 1027 in
1538 967 1639 1052 parte
1667 956 1854 1054 deperdita
1975 1033 1976 1039 ,

465 1081 648 1154 definitam
674 1081 784 1155 fuisse
812 1095 969 1155 autumo.
1028 1083 1118 1155 Erat
1143 1075 1164 1152 ὁ
1189 1069 1523 1177 προγεγραμμένος
1548 1072 1660 1176 νόμον
1689 1085 1719 1158 is
1747 1111 1852 1183 quem

464 1203 655 1299 complexa
676 1216 731 1276 est
753 1203 853 1300 prior
876 1227 959 1300 pars
984 1201 1091 1287 tituli,
1117 1201 1268 1274 fortasse
1286 1227 1431 1298 quoque
1448 1203 1607 1302 inscript.
1625 1204 1655 1290 b,
1673 1204 1718 1277 de
1745 1219 1852 1278 trans·
1983 1219 1984 1242 ¹

464 1321 629 1394 vectione
645 1319 875 1394 fraudulenta
891 1321 1077 1418 poenisque
1095 1321 1234 1393 obeam
1252 1321 1426 1420 irrogatis.
1468 1325 1559 1398 Haec
1577 1351 1684 1424 supra
1701 1329 1830 1426 attigi’.

1019 1595 1233 1674 CCXCVI.
1262 1597 1296 1670 d.

762 1766 1430 1839 ΤΟΝΤΑΦΟΝΚΑΤΕΣΚΕΥΑΣΑΤΟ

762 1878 1472 1951 ΑΡΧΕΙΔΗΜΟΣΕΡΜΑΠΙΟΥΕΑΥΓΩ

766 1992 1394 2063 ΚΑΙΤΗΓΥΝΑΙΚΙΑΥΤΟΥΜΑΜΑ
1416 2044 1434 2058 .
1453 1989 1711 2059 ,ΥΑΝΔΡΟΥ

766 2103 1495 2175 ΚΑΙΤΟΙΠΕΚΝΟΙΣΚΑΙΤΕΚΝΩΝΤΕ

690 2219 711 2288 5
765 2208 1618 2300 ΚΝΟΙΣΑΛΛΩΔΕΜΗΔΕΝΙΕΞΕΣΤΩΘΑψΑΙ

764 2326 1490 2418 ΕΑΝΔΕΤΙΣΘΑψΕΙΤΙΝΑΟΦΕΙΛΕΤΩ

765 2441 1493 2535 ΜΥΡΕΩΝΤΩΔΗΜΩΧΠΗΣΠΡΑΞΕ

764 2555 1542 2626 ΩΣΟΥΣΗΣΠΑΝΤΙΤΩΒΟΥΛΟΜΕΝΩΕ

768 2669 1042 2738 ΠΙΤΟΗΜΙΣΥ

465 2829 544 2912 Τὸν
563 2829 686 2936 τάφον
705 2826 1008 2910 κατεσκευάσατο
1022 2830 1237 2933 Αρχίδημος
1255 2826 1464 2931 Ἑρμαπίου
1484 2829 1600 2935 ἑαυτῷ
1620 2829 1680 2907 καὶ
1699 2830 1746 2934 τῇ
1766 2865 1851 2934 γυν-

467 2963 540 3041 αικὶ
565 2961 679 3040 αὐτοῦ
699 2959 859 3059 Μαμαίᾳ
879 2955 1072 3062 Εὐάνδρου
1096 2961 1157 3038 καὶ
1183 2965 1261 3044 τοῖο
1280 2959 1421 3042 τέκνοις
1445 2961 1505 3039 καὶ
1533 2958 1671 3039 τέκνων
1700 2958 1850 3046 τέκνοις·

466 3092 573 3198 ἄλλῳ
602 3087 642 3170 δὲ
669 3090 799 3191 μηδενὶ
819 3087 961 3194 ἐξέστω
990 3085 1120 3197 θάψαι·
1157 3087 1222 3170 ἐὰν
1250 3089 1294 3169 δέ
1324 3125 1379 3174 τις
1408 3088 1522 3198 θάψει
1553 3088 1648 3189 τινά,
1671 3093 1852 3197 ὀφειλέτω

469 3223 629 3328 Μυρέων
657 3224 708 3330 τῷ
729 3219 832 3326 δήμῳ
851 3217 1008 3325 δηνάρια
1032 3220 1240 3326 τρισχίλια,
1261 3224 1326 3320 τῆς
1345 3216 1516 3326 πράξεως
1537 3222 1654 3322 οὔσης
1672 3225 1784 3302 παντὶ
1804 3225 1852 3330 τῷ
1983 3277 1984 3320 4

903 3351 1123 3460 βουλομένῳ
1143 3353 1204 3432 ἐπὶ
1221 3349 1264 3432 τὸ
1284 3345 1414 3453 ἥμισυ.
1983 3343 1984 3378 ¹

539 3527 731 3625 Descripta
758 3525 803 3598 de
838 3526 1003 3623 sepulcro
1037 3526 1135 3625 apud
1168 3525 1352 3600 Τνὶιιοιαο.
1415 3525 1661 3600 Archidemus
1695 3527 1852 3625 quidam,

464 3648 559 3721 filius
589 3647 805 3744 Hermapiae,
833 3647 943 3720 uxori
969 3649 1047 3744 ejus
1075 3650 1238 3722 Mamaeae
1258 3647 1339 3746 (vel
1366 3647 1528 3746 Mamae),
1555 3647 1689 3736 liberis,
1717 3649 1852 3746 nepoti·
1983 3659 1984 3690 ¹

463 3769 604 3862 busque
634 3777 823 3864 paraverat
850 3767 1066 3862 sepulcrum,
1096 3766 1226 3840 ceteris
1262 3767 1430 3839 omnibus
1466 3765 1660 3839 interdicto
1686 3792 1757 3840 usu
1785 3769 1851 3841 sub
1983 3843 1984 3848 ,

462 3913 568 4000 poena
583 3888 706 3960 multae
724 3885 859 3984 populo
876 3885 1040 3984 Myrensi
1057 3883 1269 3983 pendenda,
1291 3885 1396 3980 cujus
1414 3883 1521 3956 tertia
1536 3907 1619 3981 pars
1636 3909 1782 3960 cessura
1798 3897 1852 3960 est

464 4009 499 4082 ei
515 4008 579 4104 qui
596 4009 773 4082 actionem
790 4007 998 4080 intenderit.

503 4213 733 4271 ’Observabant
743 4209 867 4269 studiosi
876 4208 1133 4286 mentionemPry-
1183 4207 1288 4285 Lycios
1311 4208 1397 4266 obvii.
1417 4209 1498 4266 Conf.
1512 4209 1614 4268 Frena
1633 4209 1685 4288 (ex
1705 4207 1850 4286 Fellows.)
1983 4185 1984 4198 ¹

463 4311 575 4368 tanium
595 4311 627 4367 in
647 4311 694 4368 tit
714 4310 739 4368 b.
757 4329 785 4366 ν.
800 4311 827 4366 4.
849 4307 901 4382 qui
921 4316 952 4364 et
971 4307 1042 4364 olibi
1055 4306 1133 4364 inter
1185 4305 1297 4364 Tloene
1312 4309 1439 4370 n.4239.
