3994 5242
135 534 241 580 mssa.
259 517 381 600 ccam]
692 571 702 596 ,
740 510 941 578 PATARA.
1488 515 1530 580 87

135 711 212 788 τοῖς
231 698 422 811 πατρῴοις
441 707 551 799 θεοῖς,
572 704 633 782 καὶ
651 703 697 808 τῇ
715 699 930 808 γλυκυτάτη
950 701 1100 806 πατρίδι
1120 706 1166 811 τῇ
1187 703 1390 808 Παταρέων
1406 701 1530 802 πόλει,

133 839 177 942 τῇ
195 831 436 940 μητροπόλει
454 843 521 915 τοῦ
541 835 687 913 Λυκίων
706 833 847 931 ἔθνους,
867 835 1025 914 Οάειλία
1046 835 1208 916 Κοίντου
1227 835 1405 917 Οὐειλίου
1427 841 1529 919 Τιτι-

133 976 224 1048 orori
242 965 424 1072 θυγάτηρ
455 962 627 1070 Πρόκλα,
657 967 837 1071 Παταρὶς,
866 966 1044 1067 ἀνέθηκεν
1072 969 1132 1046 καὶ
1163 967 1389 1073 καθιέρωσεν
1417 965 1460 1050 τό
1489 1004 1530 1050 τε

132 1097 372 1204 προσκήνιον
395 1096 416 1179 δ
445 1095 722 1180 κατεσκεύασεν
751 1098 791 1178 έκ
821 1096 1002 1198 θεμελίων
1031 1101 1051 1179 ὁ
1083 1095 1206 1204 πατὴρ
1236 1101 1349 1201 αὐτῆς
1370 1097 1530 1186 Κόϊντος

133 1231 328 1328 Οόείλιος,
347 1229 533 1328 Τιτιανός,
553 1233 613 1311 καὶ
642 1227 708 1312 τόν
728 1234 767 1310 έν
786 1231 885 1338 αὐτῷ
910 1227 1068 1331 κόσμον,
1092 1234 1154 1312 καὶ
1173 1230 1220 1312 rol
1238 1235 1323 1336 περὶ
1344 1229 1448 1332 ariri,
1469 1233 1529 1314 καί

133 1361 200 1465 τὴν
220 1371 300 1446 τῶν
318 1360 546 1467 ἀνδριάντων
564 1364 625 1442 καὶ
645 1357 872 1464 ἀγαλμάτων
885 1358 1111 1458 ἀνάστασιν,
1125 1365 1185 1442 καὶ
1204 1358 1273 1463 τὴν
1291 1370 1358 1442 τοῦ
1377 1361 1530 1465 λογείου

133 1491 374 1595 κατασκευὴν
401 1495 462 1574 καὶ
489 1489 700 1588 πλάκωσιν,
721 1483 746 1569 ἀ
771 1489 949 1590 ε’ποίησεν
967 1487 1072 1590 αὐτή·
1104 1487 1147 1572 τὸ
1178 1488 1218 1570 δέ
1247 1490 1444 1571 ἑνδέκατον
1462 1501 1529 1572 τοῦ

133 1627 296 1710 δεκάτου
315 1627 542 1732 διαζώματος
569 1624 716 1730 βόθρον
734 1627 795 1705 καὶ
819 1622 866 1707 τὰ
888 1629 994 1724 βῆλα
1020 1633 1087 1706 τοῦ
1114 1623 1272 1729 θεάτρου
1297 1660 1528 1707 κατασκευα-

134 1761 280 1843 σθέντα
299 1757 371 1841 cirri
390 1796 431 1842 τε
450 1769 517 1842 τοῦ
536 1756 678 1864 πατρὸς
694 1759 807 1859 αὐτῆς
819 1756 880 1838 καὶ
899 1755 958 1837 ὑπ’
972 1758 1085 1857 αὐτῆς
1101 1757 1331 1862 προανετέθη
1352 1760 1413 1838 καὶ
1431 1792 1526 1862 παρ·

259 1890 372 1994 εδόθη
392 1890 487 1974 κατὰ
505 1889 552 1973 τὰ
571 1888 643 1972 ὑπὸ
662 1897 727 1992 τῆς
746 1892 949 1996 κρατίστης
967 1894 1115 1990 Βουλῆς
1135 1889 1391 1997 ἐψηφισμένα.

208 2097 445 2194 Descriptum
470 2095 582 2169 habui
604 2095 703 2168 hunc
725 2093 872 2168 titulum
895 2093 1073 2192 insignem
1091 2093 1136 2167 de
1154 2095 1297 2191 porticu
1314 2093 1446 2168 theatri
1463 2096 1528 2168 Pa·

135 2217 300 2290 tarensis.
349 2215 502 2288 Enarrat
519 2214 763 2288 addictionem
780 2215 1158 2311 consecrationemque
1172 2218 1362 2314 proscenii,
1381 2231 1528 2292 omatus

136 2339 225 2434 ejus,
257 2351 455 2412 statuarum
488 2351 526 2411 et
553 2337 784 2434 sculptilium,
818 2337 914 2435 logei
944 2349 981 2410 et
1007 2336 1307 2411 incrustationum
1342 2339 1430 2433 ejus,
1460 2337 1528 2410 Pio

136 2461 322 2557 Auguste,
336 2457 429 2530 divis
440 2455 620 2553 Augustis
633 2455 848 2550 Patriisque,
862 2467 900 2527 et
916 2454 1165 2528 Patarensium
1182 2455 1336 2529 civitati:
1365 2455 1450 2528 dein
1467 2455 1528 2528 de-

137 2577 296 2651 claratur
313 2575 413 2672 quod
429 2573 644 2648 undecimus
668 2571 803 2670 gradus
830 2572 978 2645 decimae
1003 2574 1278 2671 praecinctionis‚
1296 2585 1333 2648 et
1349 2575 1431 2648 vela
1455 2573 1530 2646 the·

137 2695 272 2782 atralia,
303 2709 408 2769 antea
433 2694 575 2768 fuerant
602 2694 722 2768 dicata
756 2706 793 2767 et
825 2694 966 2768 civibus
989 2694 1121 2770 tradita
1146 2695 1345 2770 secundum
1372 2707 1530 2770 senatus-

137 2816 353 2890 consultum.

210 2935 419 3009 Ediderunt
447 2935 559 3008 varii:
596 2936 635 3008 in
670 2935 796 3032 primis
820 2936 1037 3033 Walpoliust
1067 2962 1116 3012 ex
1151 2937 1293 3012 schedis
1324 2937 1527 3014 Cockerell.

137 3055 321 3130 Beaufort.
368 3057 499 3132 Sodall.
521 3057 651 3132 Societ.
671 3057 868 3144 Dilettant‚
884 3057 1015 3132 deinde
1035 3059 1218 3134 Osannus¹¹
1237 3083 1286 3132 ex
1303 3059 1463 3157 Walpol.
1491 3073 1529 3135 et

139 3175 355 3249 Fellowsius
368 3199 416 3248 ex
430 3199 552 3274 apogr.
564 3199 696 3274 propr„
715 3176 922 3273 nuperrime
934 3177 1086 3263 Franz.',
1103 3177 1243 3250 collatis
1261 3177 1529 3274 exemplaribus

138 3292 322 3367 Beaufort.
342 3305 379 3366 et
395 3293 559 3366 Fellows.
612 3292 715 3366 Nihil
736 3293 853 3367 habeo
871 3293 971 3390 quod
987 3295 1177 3370 emendem
1194 3296 1234 3369 in
1251 3297 1528 3372 accuratissimis

138 3413 304 3487 Franzii:
340 3412 542 3486 litterarum
572 3413 709 3510 species
737 3411 927 3486 dumtaxat
954 3412 1111 3487 exhibeo
1141 3415 1255 3512 magis
1282 3414 1329 3488 ad
1358 3417 1527 3490 amussim

138 3535 348 3627 elaboratas,
366 3545 473 3628 atque
492 3532 683 3606 intervalla
699 3533 737 3604 in
755 3557 790 3605 V.
803 3533 834 3605 8.
853 3555 935 3628 quae
952 3543 989 3605 et
1005 3543 1103 3606 recte
1121 3533 1278 3606 servavit
1295 3533 1525 3609 Fellowsius:

139 3653 368 3728 Beaufortius
394 3678 550 3751 quoque,
574 3667 611 3728 at
635 3680 718 3728 oum
741 3653 1011 3752 punctiunculis
1037 3679 1110 3727 non
1138 3657 1230 3728 bene
1253 3653 1396 3729 insertis
1426 3657 1528 3752 quasi

138 3771 548 3869 nemausumque
575 3797 649 3844 non
674 3783 768 3864 sunt,
792 3771 857 3845 sed
883 3782 1023 3846 tantum
1040 3773 1162 3846 versui
1179 3771 1365 3848 dilatando
1381 3773 1528 3848 inservi·

139 3896 235 3969 entia
250 3895 291 3967 in
308 3917 381 3990 quo
398 3894 468 3967 tria
484 3892 637 3990 insignia
655 3891 863 3991 singillatim
880 3903 1145 3966 enumerantur.

177 4113 186 4142 ι
205 4095 288 4154 Vide
299 4094 393 4154 Itiner.
414 4115 442 4172 p.
455 4097 522 4154 534.
536 4113 566 4151 n.
579 4095 604 4150 l.
858 4091 937 4152 lows.
958 4099 1003 4151 est
1025 4091 1058 4148 in
1075 4089 1178 4147 volu.
1199 4087 1336 4168 Append.
1350 4089 1388 4149 A.
1412 4109 1440 4168 p.
1458 4089 1525 4150 416.

177 4201 192 4230 “
207 4191 572 4252 ΙυΑιιαατ.ὶατιί.θτσι.
586 4193 690 4268 ρ.134.
857 4191 968 4258 n.169.
996 4210 1063 4249 cum
1092 4188 1224 4248 versione
1247 4189 1373 4267 Anglica
1395 4197 1426 4248 et
1449 4191 1527 4248 notis

179 4292 271 4350 'Ubi
285 4311 364 4369 supr.
385 4311 414 4369 p.
431 4293 493 4351 152.
506 4293 634 4351 24283.
664 4289 732 4350 Loo.
746 4289 810 4349 Fel-
861 4289 1000 4349 Wieneri.

807 4387 865 4450 ul
