3994 5242
136 537 240 588 usca.
250 515 391 601 coxere]
759 512 904 578 MYRA.
1486 513 1527 578 67

212 703 361 778 Editum
379 701 487 776 video
504 726 525 774 a
542 702 709 774 Franzio¹
729 726 778 774 ex
794 700 997 774 Muratorio
1015 712 1052 774 et
1065 699 1233 796 Principe
1250 701 1378 774 Turris
1390 701 1528 788 Mutine,

136 827 305 922 aquibus
328 824 493 918 utrisque
516 823 607 896 miro
625 847 747 896 errore
766 824 944 896 Messanae
963 821 1167 896 Siculorum
1186 821 1380 896 attributus
1403 821 1528 896 luerat

135 949 288 1020 Pravam
306 969 453 1042 quoque
471 943 578 1016 video
596 943 887 1018 distributionem
905 967 1076 1016 versuum
1093 941 1339 1038 lectionesque
1356 943 1529 1040 plurimas

138 1065 308 1138 turbatas.
346 1061 868 1137 Sicinatrottenntor.
904 1063 948 1134 In
962 1061 1080 1134 3.init.
1095 1059 1224 1158 (nostr.
1237 1061 1529 1160 ᾖο.)ΜΑΚΑΩΑ

139 1193 313 1280 ΜΑΡΟΥ,
330 1183 428 1258 unde
445 1185 484 1258 in
501 1185 651 1258 minusc.
665 1185 722 1257 Fr.
739 1178 894 1286 Μαρκίᾳ
910 1224 924 1239 -
943 1225 957 1238 ·
977 1225 990 1238 -
1009 1225 1023 1238 -
1039 1212 1120 1281 ρου.
1174 1187 1283 1262 Certe
1301 1191 1444 1264 exoleta
1460 1191 1530 1266 fuit

136 1313 292 1385 maxime
315 1335 398 1408 pars
420 1311 537 1407 prima
559 1309 624 1382 ubi
648 1311 754 1406 posui
778 1302 960 1410 Mapaip⁸,
986 1311 1050 1384 sed
1076 1336 1208 1385 nomen
1225 1314 1329 1387 virile
1353 1328 1430 1389 erat
1452 1317 1528 1390 sine

137 1433 249 1506 dubio
264 1429 474 1504 Evandrus.
527 1427 621 1501 Ibid.
640 1429 710 1502 sub
726 1427 786 1500 fin.
809 1427 939 1526 (nostr.
959 1427 1014 1526 4.)
1032 1435 1135 1505 ΤΟΝ
1155 1457 1222 1528 pro
1239 1438 1353 1518 ΤΩΝ,
1372 1446 1408 1506 at
1425 1459 1530 1507 exsu-

136 1555 208 1628 lare
236 1555 356 1628 debet.
410 1554 455 1626 In
482 1555 515 1625 4.
534 1551 626 1626 med.
659 1555 790 1651 (nostr.
811 1553 864 1647 6.)
894 1560 1530 1636 κΑΝΔΕΤΙΣΘΑΝΗΚΟΙΝΩΦΕΛΕ

138 1683 260 1752 ΙΣΙὈ.
311 1679 412 1750 Ante
438 1673 517 1747 haec
534 1675 751 1746 omittuntur
775 1674 921 1770 penitus
947 1688 1069 1748 nostra
1093 1676 1131 1748 in
1157 1703 1188 1748 v.
1210 1681 1239 1750 5.
1258 1686 1530 1754 ΑΛΛΩΔΕ-

135 1805 290 1884 ΘΑΨΑΙ,
316 1796 417 1894 quod
437 1796 712 1870 continuitatem
737 1793 881 1892 frangit.
934 1795 979 1866 In
997 1819 1030 1866 v.
1049 1798 1080 1867 5.
1099 1820 1120 1868 a
1136 1796 1230 1870 med.
1251 1796 1379 1895 (nostr.
1402 1801 1432 1870 7.
1450 1798 1528 1896 fin.)

137 1923 216 1994 obv.
234 1923 538 2004 ΤΗΠΕΡΙΔΙΟΣ,
561 1917 661 2012 quod
682 1917 841 1990 restituit
857 1915 915 1988 Fr.
938 1916 1136 1990 Praeiverat
1156 1925 1240 2005 ΚΑΙ,
1257 1917 1356 1991 unde
1375 1921 1438 1992 Fr.
1458 1924 1525 1995 Ac.

137 2041 180 2112 In
200 2041 233 2112 6.
256 2041 383 2137 (nostr.
404 2036 458 2135 8.)
479 2037 609 2110 omissa
626 2059 736 2108 cerno
752 2040 1214 2124 ΤΩΒΟΥΛΟΜΕΝΩΕΠΙ,
1232 2062 1314 2134 quae
1339 2038 1397 2109 rr.
1417 2040 1530 2136 probe

138 2159 328 2258 supplevit.
380 2159 463 2231 Non
483 2181 583 2252 aeque
601 2155 756 2230 feliciter
781 2157 889 2230 cessit
914 2157 993 2229 viro
1019 2157 1217 2254 perspicaci
1234 2158 1273 2230 in
1290 2183 1323 2230 v.
1347 2161 1380 2229 4.
1400 2158 1529 2232 amed.

140 2285 268 2384 (nostr.
288 2281 354 2380 6.),
373 2306 439 2378 pro
458 2286 611 2355 ΚΟΙΝΩ
622 2281 749 2376 positis
767 2280 804 2352 in
822 2263 974 2353 minusc.
993 2269 1016 2375 ἢ
1037 2270 1181 2378 ἀνοίξῃ.

211 2405 428 2476 Discernere
446 2401 545 2474 visus
564 2425 642 2474 sum
665 2401 704 2473 in
725 2425 903 2474 marmore
922 2401 968 2474 ed
984 2401 1094 2474 finem
1111 2426 1142 2474 v.
1161 2403 1193 2474 6.
1215 2400 1365 2498 vestigia
1382 2401 1530 2499 syllabae

138 2533 192 2612 ΛΙ,
209 2524 308 2599 unde
325 2525 482 2620 primum
500 2524 632 2622 collegi
650 2525 797 2596 titulum
814 2523 925 2596 fuisse
943 2523 1221 2622 Limyrensium
1240 2521 1304 2595 sed
1330 2547 1416 2596 casu
1442 2547 1527 2618 quo

138 2649 218 2721 dam
233 2646 281 2720 ad
296 2646 330 2720 T
327 2645 472 2720 ristona
485 2646 690 2720 advectum.
726 2645 836 2721 Certe
854 2659 1021 2743 poterant
1037 2671 1116 2720 esse
1135 2645 1231 2720 striae
1246 2642 1422 2742 inlepide
1439 2642 1529 2716 adeo

137 2769 228 2842 male
245 2765 386 2840 habito:
414 2765 498 2838 ideo
516 2765 635 2838 delevi
653 2790 701 2838 ex
718 2789 800 2838 meo
818 2765 1035 2864 apographo.

211 2891 518 2965 Additamentum
535 2889 574 2962 in
591 2889 761 2974 clausula.
778 2886 844 2982 τῆς
863 2879 1045 2987 πράξεως,
1063 2901 1129 2962 etc.
1147 2887 1298 2962 variatio
1315 2899 1371 2960 est
1386 2886 1530 2959 illorum

139 3038 220 3108 quae
235 3011 375 3084 dudum
391 3011 499 3084 obvia
517 3022 620 3083 erant
636 3010 674 3082 in
691 3020 802 3082 nostr.
818 3031 980 3084 ccnxvn.
993 3031 1134 3084 ccnxxr.
1148 3030 1321 3083 ccnxm.
1332 3029 1533 3082 cccxxxnr.

139 3127 287 3234 Πρᾶξις
305 3149 359 3208 est
375 3136 502 3210 exactio
520 3135 631 3220 debiti,
649 3146 692 3207 ut
715 3133 785 3221 hic,
803 3131 929 3219 mutto,
955 3133 988 3206 h.
1003 3159 1031 3208 e.
1051 3134 1166 3206 debiti
1190 3132 1330 3206 fiscalis.
1379 3131 1439 3206 Sic
1462 3134 1532 3204 De-

137 3257 284 3332 mosth.'’
314 3255 390 3331 Kal
411 3259 484 3331 τῶν
503 3251 550 3332 τὰ
574 3249 799 3351 μισθώματα
816 3251 1090 3351 μισθουμένων,
1110 3251 1170 3330 καὶ
1189 3255 1262 3329 τῶν
1281 3249 1531 3350 ἐγγυωμένων,

138 3377 202 3461 τὰς
221 3373 379 3482 πράξεις
399 3371 489 3456 εἶναι
512 3411 558 3482 τῃ
587 3372 697 3456 πόλει
729 3374 823 3456 κατὰ
851 3371 937 3460 τοὺς
967 3372 1101 3477 νόμους
1124 3369 1210 3458 τοὺς
1231 3372 1429 3471 κειμένους.
1482 3383 1531 3454 Et

138 3512 247 3608 paulo
264 3524 369 3607 post:
397 3506 507 3605 Χρῆν
526 3498 599 3604 γὰρ
620 3495 730 3581 τοῦτό
750 3499 799 3602 γε’
824 3535 883 3596 σε,
904 3493 932 3579 ὦ
952 3496 1193 3604 Τιμόκρατες,
1213 3493 1464 3602 προσγράψαι
1482 3503 1532 3576 τῶ

139 3623 239 3735 νόμω
258 3675 277 3690 -
293 3673 310 3686 -
327 3673 344 3686 ·
364 3624 430 3711 τὰς
448 3623 604 3730 πράξεις
624 3619 716 3703 εἶναι
737 3621 832 3702 κατὰ
856 3620 941 3709 τοὺς
962 3621 1196 3729 ὑπάρχοντας
1226 3618 1371 3720 νόμους.
1425 3627 1529 3703 Conf.

174 3947 186 3974 ¹
200 3935 263 3992 Ubi
284 3953 366 4012 supr.
390 3955 418 4012 p.
439 3940 501 3997 158.
523 3957 551 3994 n.
570 3941 659 3998 4303.
675 3957 695 3997 e.
716 3939 813 3997 Locus
903 3941 915 3970 ¹
931 3937 1023 3995 Ducit
1035 3935 1090 3994 hoc
1103 3955 1215 4004 nomen,
1227 3934 1306 4011 quod
1319 3937 1532 3994 omniumveri-

139 4031 360 4092 Mumtorimns
382 4045 428 4093 eat
450 4045 519 4093 tom.
538 4053 570 4094 11.
597 4056 625 4112 p.
646 4054 717 4095 uix.
745 4035 807 4096 rr6
863 4035 1045 4094 simillimum
1058 4035 1193 4103 arbitror,
1203 4034 1239 4092 ad
1249 4043 1362 4092 aetstem
1372 4035 1533 4093 Alexandri

140 4132 558 4194 Turrimutian.1mcr.stcut
575 4135 617 4194 cl.
634 4153 699 4194 xrv.
721 4157 749 4214 p.
765 4138 811 4199 72.
865 4135 984 4193 Severi:
1006 4133 1087 4192 conf.
1099 4132 1218 4190 Eckhel.
1229 4150 1281 4192 vn.
1297 4152 1324 4210 p.
1334 4131 1402 4192 286.

139 4248 164 4286 n.
179 4231 223 4289 12.
263 4229 342 4288 Vide
352 4229 473 4287 Lemma
486 4231 534 4288 Fr.
902 4233 1009 4291 bOret.
1024 4233 1089 4292 adv.
1105 4233 1260 4290 Timocrst.
1274 4249 1304 4289 x.
1320 4249 1405 4289 xxvi
