3994 5244
118 550 386 632 mscmcocxcn]
725 543 907 608 THEBAE.
1443 547 1504 610 281

117 751 271 812 tractum
288 737 514 835 occupabant
532 735 757 822 Thebaidem
788 737 883 810 inter
911 747 948 810 et
973 737 1075 810 Mare
1094 738 1258 812 Rubrum
1286 750 1503 836 porrectum.

117 860 198 933 Hoc
216 858 321 932 facile
338 849 516 956 percipias
535 856 637 952 sequi
650 881 698 930 ex
712 869 834 954 etymo
847 856 1048 930 manifesto.
1085 858 1242 932 Variant
1254 870 1351 932 certe
1363 858 1506 933 codices

118 978 151 1050 in
168 977 260 1052 locc.
273 977 428 1051 classic'
440 976 534 1049 inter
551 973 647 1047 lectt.
661 972 875 1050 Alabarchea
888 986 925 1049 et
937 973 1168 1065 Arabarches,
1182 999 1337 1072 quorum
1350 977 1506 1075 primum

117 1104 342 1200 agnoscimus
369 1123 515 1197 quoque
541 1099 580 1171 iu
605 1098 656 1171 tit
685 1098 824 1172 Xanth.
851 1099 1044 1188 Fellowsii‚
1072 1100 1149 1174 scil.
1178 1097 1391 1176 Ποσειδῶνι
1417 1091 1507 1199 εὐχὴ

118 1218 340 1301 Μαυσώλου
358 1214 611 1322 ἀλαβάρχου”,
637 1224 703 1298 sed
730 1225 768 1297 in
799 1237 924 1298 nostro
951 1236 1093 1324 constat
1117 1213 1370 1322 Ἀραβάρχης,
1397 1249 1506 1320 quem

116 1347 331 1421 crediderim
359 1346 470 1420 fuisse
496 1359 673 1420 rectorem
698 1347 808 1418 Nomi
832 1346 1002 1438 Arabici;
1028 1345 1125 1419 illius
1152 1369 1282 1442 nempe
1310 1346 1374 1440 qui
1402 1358 1508 1418 extra

117 1468 259 1542 Deltam
296 1467 594 1562 Thebaidemque
630 1491 667 1540 se
702 1465 923 1539 extendebat
953 1467 1062 1561 juxta
1086 1466 1181 1539 latus
1212 1465 1385 1538 orientale
1406 1465 1506 1538 Nile.

118 1592 223 1667 Hauc
247 1595 431 1692 regionem
455 1602 562 1666 vocat
587 1591 809 1690 Byzantinus
830 1593 907 1686 (De
932 1592 1048 1666 Urbb.
1076 1592 1114 1664 in
1137 1617 1232 1663 nom.
1262 1584 1506 1690 Πορφυρίτη)

116 1708 300 1815 Ἀραβίαν
317 1709 396 1792 κατ’
410 1709 613 1813 Αἴγυπτον.
654 1717 930 1791 Accensebatur
943 1717 1105 1814 AEgypto
1122 1715 1294 1803 inferiori,
1312 1731 1349 1789 et
1366 1715 1510 1790 diversa

118 1853 191 1912 erat
218 1841 265 1913 ab
290 1865 332 1913 ea
357 1863 440 1935 quae
459 1863 481 1911 a
498 1839 645 1911 Pelusio
668 1836 842 1911 tendebat
864 1835 911 1909 ad
929 1837 1031 1910 Mare
1050 1837 1227 1930 Rubrum,
1244 1837 1305 1909 cui
1327 1838 1414 1910 urbs
1438 1837 1507 1934 pri-

118 1961 228 2033 maria
249 1959 320 2034 fuit
347 1959 531 2032 Phacusa'.
585 1959 667 2032 Hac
691 1959 831 2030 ratione
849 1955 1053 2031 credendus
1070 1970 1126 2030 est
1142 1969 1265 2030 noster
1277 1957 1508 2030 Arabarches

117 2079 225 2153 fuisse
256 2081 442 2178 Strategus
470 2077 529 2152 vel
550 2077 772 2151 Nomarches
791 2076 940 2150 Arabiae
958 2075 1152 2174 AEgyptiae,
1172 2076 1298 2149 saltem
1316 2100 1398 2172 quae
1415 2077 1509 2149 intra

118 2200 249 2274 limites
267 2198 465 2274 Thebaidis
479 2199 632 2295 jacebat,
651 2198 745 2271 sicut
767 2208 900 2269 enatet
925 2195 1029 2269 alteri
1048 2196 1168 2268 Nomo
1182 2197 1316 2268 Rector
1334 2220 1430 2282 suus,
1444 2197 1508 2292 qui

118 2343 282 2393 occasum
302 2342 427 2391 versus
444 2318 535 2390 situs
553 2331 608 2389 est
620 2329 726 2389 extra
742 2314 875 2388 limites
892 2315 927 2386 N
929 2314 1062 2400 iliacos,
1078 2314 1213 2390 Oasitae
1231 2313 1433 2388 Thebaico:
1461 2317 1507 2388 es.

119 2439 195 2513 infr.
216 2463 389 2516 ccccxlv.
408 2453 478 2513 etc.
529 2439 622 2512 Nam
642 2451 680 2511 et
703 2452 791 2512 tunc
814 2436 996 2534 temporis,
1015 2435 1108 2509 sicut
1128 2437 1166 2508 in
1189 2435 1376 2522 hodierne,
1396 2435 1508 2510 credi-

120 2563 232 2638 derim
251 2565 394 2638 Arabes
412 2564 522 2637 Nomi
545 2564 649 2637 istius
669 2561 800 2670 (effi)
821 2561 1087 2646 commercium,
1115 2561 1324 2658 pecuarium
1341 2562 1509 2648 maxime,

118 2683 287 2758 habuisse
304 2710 386 2759 cum
398 2687 592 2784 AEgyptiis,
610 2711 813 2782 munusque
831 2684 1012 2782 singulare
1024 2682 1247 2756 Arabarchoe
1263 2681 1373 2756 fuisse
1386 2707 1509 2756 curam

120 2803 290 2878 adhibere
315 2818 357 2877 ut
374 2803 563 2902 vectigalia
582 2802 665 2876 inde
684 2804 900 2900 prodeuntia
917 2802 986 2876 rite
1003 2803 1285 2900 perciperentur.
1337 2803 1421 2875 Hoc
1439 2803 1510 2874 col·

119 2921 304 3020 ligendum
332 2937 481 2998 autumo
508 2949 556 2998 ex
583 2924 748 3023 analogia
772 2923 976 3000 Oasitarum
1001 2937 1039 2997 et
1059 2923 1165 2997 dictis
1190 2924 1228 2996 in
1247 2922 1339 2999 Ood.
1359 2925 1509 2998 Justin.¹

120 3043 217 3120 Hinc
231 3059 345 3120 ortam
365 3050 563 3145 conjeceris
581 3049 866 3147 designationem
879 3039 1136 3146 Ἀλαβάρχην,
1153 3075 1261 3146 quam
1276 3073 1363 3123 vero
1377 3049 1509 3123 distare

120 3168 412 3241 censeoomnino
430 3182 600 3256 anostra,
620 3169 852 3266 quantumvis
877 3167 987 3242 suerit
1009 3193 1091 3242 cum
1110 3193 1153 3242 ea
1169 3168 1320 3242 confusa
1343 3171 1391 3243 ob
1417 3171 1510 3243 simi·

119 3285 309 3361 litudinem
323 3313 492 3362 sonorum
506 3315 526 3362 a
540 3290 705 3364 librariis.
758 3291 899 3387 Nempe
917 3302 995 3363 erat
1005 3289 1227 3381 Academia,
1240 3291 1375 3363 virtute
1394 3290 1510 3375 officii,

121 3421 155 3478 et
170 3401 389 3493 Aiahaicba,
417 3405 482 3480 sed
507 3433 580 3480 non
607 3407 775 3496 vicissim,
800 3407 899 3504 quod
927 3405 1087 3480 fortassis
1111 3407 1301 3481 illustraris
1328 3432 1377 3480 ex
1403 3410 1510 3482 titulo

121 3525 284 3602 Fellows.
304 3553 412 3624 supra
432 3527 551 3601 citata.

158 3721 167 3740 '
182 3712 239 3770 Ex.
249 3730 294 3787 gr.
306 3711 398 3769 Cicer.
407 3709 534 3770 acacia
544 3727 574 3770 11.
587 3713 631 3776 17.
651 3712 788 3771 Juvenal.
879 3722 889 3744 ¹
902 3711 983 3769 Libr.
995 3727 1035 3768 1v.
1047 3711 1105 3767 Tit.
1116 3707 1163 3770 61.
1173 3709 1242 3785 Leg.
1253 3712 1281 3774 9.
1299 3709 1510 3784 Uaurpatt'onem

121 3806 239 3866 Scina
257 3811 321 3868 130.
839 3811 919 3867 iatine
946 3809 1064 3866 licentiae
1089 3807 1273 3866 admovemus
1299 3808 1374 3864 circa
1401 3810 1513 3884 vidiae!

159 3907 266 3968 'Confi
285 3906 384 3982 Lycia,
406 3927 434 3984 p.
455 3904 518 3966 161.
539 3907 619 3967 unde
639 3908 741 3966 Franz.
761 3927 789 3965 n.
840 3907 1022 3966 Arabarchia
1034 3907 1252 3983 perAEpyptam
1273 3908 1451 3977 cancamum,
1467 3911 1511 3966 ni·

123 4005 205 4072 4267.
840 4004 1513 4083 hiiqueaupcrtraduatioaaanimaliam,qaoeaine

160 4115 170 4138 ¹
183 4107 260 4167 Vide
274 4107 397 4166 Ptolem.
409 4123 448 4164 tv.
462 4109 491 4165 5.
512 4105 588 4163 Plin.
600 4123 627 4162 v.
643 4111 670 4171 9.
684 4110 711 4166 3.
836 4105 1019 4181 prohibitione
1037 4105 1118 4162 ealda
1136 4105 1247 4162 minime
1264 4103 1448 4180 pemidenda
1466 4115 1510 4173 ea,

159 4211 305 4270 yEclrhel.
326 4211 421 4269 Doctr.
442 4210 529 4267 Nam.
544 4209 599 4268 voi
615 4225 657 4266 tv.
681 4227 709 4285 p.
726 4210 790 4267 102.
839 4210 978 4268 temerarie
995 4227 1047 4284 per
1070 4209 1206 4267 licentiam
1228 4209 1368 4267 vindicari
1389 4211 1511 4268 concedi-

124 4311 204 4370 Naaa
211 4311 345 4371 Aaecdot.
364 4329 411 4387 pp.
424 4311 490 4374 295.
506 4327 541 4366 ss.
841 4327 908 4367 mae.
