3918 5240
99 551 521 633 norcomannorum]
649 541 886 608 XANTHUS.

634 845 869 924 CCCXXII.
896 845 918 918 l.

190 1085 632 1104 ...............
752 1013 1015 1116 Στεφανοῦσιν
1046 1002 1134 1111 (τὴν
1167 1001 1288 1109 δεῖνα)
1320 995 1467 1082 'Omni-

440 1167 623 1238 ΥΝΔΙΟΣ
752 1149 827 1238 βου
856 1187 1020 1204 ······
1042 1138 1246 1237 Ὀσούβος
1265 1132 1470 1232 Ὀσσῦβον

438 1297 637 1366 ΕΛΥΣΙΟΣ
755 1287 822 1360 τοῦ
831 1274 1075 1383 Ἑρμούνδιος
1088 1272 1291 1373 Ἱοβάτειος
1307 1273 1368 1352 καὶ
1385 1273 1467 1348 Μο-

423 1426 665 1496 ΘΥΓΑΤΕΡΑ
758 1405 891 1510 νιδαβὴ
903 1405 1161 1514 Τρεβελύσιος
1171 1399 1294 1505 'Aoni
1309 1397 1377 1502 τὴν
1388 1402 1469 1480 ἐον-

127 1550 144 1616 5
191 1555 650 1627 ΕΝΕΚΕΝΚΑΙΕΥΝΟΙΑΣ
754 1551 828 1625 τῶν
847 1543 1044 1648 θυγατέρα,
1057 1539 1333 1650 φιλοστοργίας
1351 1537 1472 1617 ἕνεκεν

405 1686 569 1755 ΑΥΤΗΝ
851 1680 912 1759 καὶ
926 1679 1069 1762 εὐνοίας
1088 1680 1153 1776 τῆς
1172 1680 1222 1758 εὶς
1242 1669 1369 1772 αὐτήν.

163 1840 351 1939 Descripta
375 1839 421 1915 de
447 1843 624 1917 marmore
641 1845 770 1920 eodem
788 1872 830 1922 ac
845 1871 1045 1946 praegreoso
1062 1845 1108 1920 ad
1125 1867 1281 1942 quorum
1307 1840 1473 1914 dextram

102 1971 222 2052 partem
250 1962 470 2060 prostabant.
522 1963 672 2040 Litterae
693 1991 796 2066 paene
820 1968 968 2042 omnino
991 1964 1214 2053 effluxerant,
1231 1963 1285 2048 iis,
1303 1984 1393 2057 quas
1415 1957 1475 2032 de·

104 2079 433 2177 scripitdumtaxat
457 2083 685 2158 restantibus.
737 2086 843 2160 Patet
868 2109 956 2160 vero
983 2109 1033 2158 ex
1057 2108 1090 2156 v.
1110 2086 1144 2156 3.
1173 2080 1335 2156 redditos
1364 2076 1474 2151 fuisse

103 2193 241 2272 honoros
269 2197 354 2273 filiae
370 2223 495 2274 eorum
523 2202 569 2275 ab
587 2201 729 2302 Ossyba
746 2215 784 2277 et
800 2206 896 2278 Asta
911 2227 986 2276 non
1002 2225 1107 2276 secus
1132 2223 1242 2296 quam
1266 2195 1369 2270 fratri
1385 2197 1475 2291 ejus,

105 2319 159 2393 sed
173 2320 387 2416 qualiomodi
402 2320 538 2395 suerint
554 2334 655 2397 vetat
671 2347 737 2397 nos
754 2322 988 2421 pronuntiare
999 2318 1160 2394 conditio
1177 2315 1318 2416 lapidis.
1362 2315 1477 2386 Erant

104 2445 236 2520 fortasse
254 2447 336 2520 dnae
354 2433 501 2524 εἰκόνεςι
515 2448 624 2544 juxto
639 2447 796 2522 invicem
819 2459 953 2522 stantes
979 2469 1087 2543 super
1103 2443 1247 2518 unicam
1263 2440 1378 2515 basim
1395 2462 1477 2536 quae

105 2563 296 2664 singillatim
325 2564 530 2641 referebant
554 2591 618 2642 oro
645 2568 768 2642 fratris
787 2580 825 2642 et
849 2568 1002 2642 sororis:
1031 2564 1096 2640 sed
1121 2589 1224 2662 aeque
1250 2559 1477 2662 probandum

105 2684 233 2759 videtur
249 2684 350 2782 quod
367 2697 533 2784 parentes
548 2710 615 2784 per
631 2687 778 2762 titulum
796 2687 912 2762 solum
938 2685 978 2760 id
1003 2710 1070 2784 pro
1086 2683 1161 2759 filia
1177 2681 1362 2758 offecerint
1378 2679 1475 2777 qnod

105 2829 159 2900 per
174 2817 321 2880 statium
339 2829 581 2904 coronamque
597 2831 664 2904 pro
679 2805 766 2880 filio.

623 3112 881 3190 CCCXXIII.
907 3137 954 3184 nr.

341 3276 663 3348 HTOMMMOC
677 3328 974 3346 .........
990 3275 1108 3344 ΘΙΟΟ

337 3388 426 3458 ΟΚ.
445 3436 455 3457 .
474 3391 744 3461 ΣωΟΙΜΟΟ.
765 3439 774 3458 .
797 3438 806 3459 .
828 3388 1026 3459 .ΝΕωΟᾸ

339 3502 659 3572 ΜΗΝΤΗΝΟΕΤ
659 3503 819 3574 ΟΘΗΚ.
840 3503 971 3571 ,ΕΙΕΤ
972 3502 1040 3570 ΗΝ

343 3615 960 3687 ΙΔΙᾸΝΓΥΝᾸΙΚᾸΜΟΥΙΝΤᾸΠ.
982 3611 1298 3682 ‚rotimum

269 3727 289 3795 5
342 3728 708 3799 xntmuttmocrrt
720 3775 945 3797 ........
957 3728 1171 3797 ΟΕΝΕΚΕΝ

342 3839 766 3914 ΚᾸΙΦΙΛΟΟΤΟΡΓΙᾸΟ

110 4005 332 4100 Πτολεμαῖος
351 3999 438 4104 (τοῦ
457 3996 608 4101 δεῖνος),
620 3997 796 4095 Ξάνθιος,
818 4000 838 4078 ὁ
860 3995 1119 4096 καὶεΖώσιμος,
1135 3995 1397 4100 ἀνενεωσάμην
1416 3994 1484 4098 τὴν

142 4227 228 4286 *snt
240 4225 324 4300 riona,
345 4226 436 4302 idque
448 4235 568 4304 propter
577 4226 669 4305 opith.
689 4231 790 4302 χιλιί,
810 4245 892 4301 ωηο,
907 4248 940 4288 or
951 4245 1004 4288 ore
1017 4227 1135 4304 construo
1154 4230 1186 4288 in
1199 4251 1226 4290 v.
1239 4235 1283 4292 10.
1325 4231 1407 4292 cont
1427 4232 1484 4291 dir-

113 4335 178 4406 oept
190 4327 222 4385 in
234 4325 311 4384 Fuso„
322 4343 352 4384 nn
366 4326 482 4384 Auctor.
495 4345 524 4403 p.
536 4324 611 4388 285:

760 4446 780 4490 ο
797 4426 815 4489 2
