3994 5244
129 539 236 586 rusori.
250 517 486 606 ooonxxxvru]
749 519 932 592 THEBAE.
1455 531 1516 596 275

126 707 175 808 τῇ
197 705 301 811 φανῇ
321 699 389 804 τὴν
407 701 541 808 χαρὰν,
561 705 621 786 καὶ
645 705 705 788 ἐπὶ
727 711 807 789 ταῖς
833 709 900 804 τῆς
918 701 1059 810 μητρὸς
1076 707 1299 811 παραυσίαις
1314 709 1515 816 φαιδρυνό-

123 844 258 927 perot-¹¹.
309 836 474 910 Illustres
491 863 526 911 v.
545 841 590 910 4..
602 836 654 936 (3.
669 837 793 936 metr.)
812 831 1024 934 Λιβυκῇσιν
1037 829 1098 910 ὑπ’
1111 829 1278 938 ὀφρύσιν
1296 865 1345 916 ex
1362 843 1514 916 Homer.

124 957 177 1032 Oi
217 950 246 1032 δ’
279 951 439 1056 ἑτέρωσε
472 951 623 1057 κάθιζον
657 950 713 1037 ἐπ’
748 951 891 1061 ὀφρύσι
926 954 1246 1059 Καλλικολώνης,
1281 978 1319 1040 et
1350 968 1511 1066 Euripid.

124 1079 286 1158 λεπαίαν
304 1077 338 1157 δ’
354 1075 501 1186 ὀφρόην
515 1076 720 1179 καθήμενος
740 1083 912 1160 Σκοπεῖ’,
956 1088 1056 1160 Hinc
1072 1086 1251 1162 adscitum
1268 1091 1376 1188 epith.
1397 1086 1514 1190 ὀφρυ-

124 1201 258 1298 όεσσα,
282 1223 324 1284 ut
350 1211 389 1283 in
413 1211 563 1284 Homer.
575 1195 694 1286 Ἴλιος
723 1203 830 1310 ὀφρ.ι
857 1222 894 1284 et
928 1209 979 1284 sic
1010 1213 1049 1283 in
1079 1212 1182 1288 Orac.
1212 1215 1308 1312 apud
1337 1217 1515 1290 Herodot.

124 1324 337 1434 ὀφρυόεντα
356 1322 566 1431 Κόρινθον),
583 1334 622 1407 in
634 1335 902 1409 Acrocorintho
918 1335 1086 1433 positum.
1119 1336 1299 1436 Congruit
1315 1366 1402 1414 usus
1420 1342 1515 1416 iuter

123 1456 275 1529 Latinos
291 1479 371 1529 voc.
388 1451 574 1554 superstit,
591 1455 686 1534 utin
703 1455 823 1552 Virg.¹
832 1452 1053 1553 supercilium
1068 1455 1187 1534 clivosi
1203 1459 1364 1547 tremum,
1382 1461 1420 1540 iu
1434 1463 1514 1534 Liv.

123 1603 254 1678 supero.
273 1575 411 1670 munuli,
428 1576 466 1650 in
483 1575 686 1650 Marcellin.
711 1601 841 1678 supero.
856 1575 978 1650 utoni.
1031 1579 1146 1652 Porro
1163 1593 1298 1654 norunt
1314 1581 1436 1656 cuncti
1453 1583 1517 1678 qui

124 1699 248 1773 sedem
267 1697 488 1772 Thebaicum
505 1695 707 1772 inviserunt
725 1721 830 1794 quom
850 1698 964 1794 probe
982 1695 1170 1794 adspectui
1187 1699 1321 1774 collino
1335 1713 1514 1774 tractuum

124 1819 348 1917 Libycorum
365 1815 525 1894 concinit
541 1817 743 1914 appellatio.
796 1817 956 1892 Versum
972 1841 1012 1890 re
1026 1841 1113 1892 vers
1127 1819 1339 1917 graphicum
1358 1845 1515 1919 agnosco

123 1946 162 2018 in
180 1943 261 2030 hoo,
277 1955 316 2017 et
332 1943 494 2018 adhibita
510 1967 600 2018 voce
618 1932 831 2035 ἀποτάμνει,
850 1943 944 2018 sicut
965 1943 1003 2018 in
1027 1944 1215 2042 Perleget⁸.
1236 1931 1309 2021 'Or
1328 1935 1376 2042 ῥά
1395 1973 1435 2019 τε
1455 1942 1515 2018 καὶ

126 2059 274 2163 Λιβόην
292 2059 537 2160 ἀποτέμνεται
549 2055 705 2143 Ἀσίδος
724 2058 814 2160 αἴης,
833 2070 896 2163 qui
913 2081 951 2142 et
967 2067 1013 2142 de
1032 2069 1160 2142 Tiberi
1177 2069 1346 2144 interfluo
1364 2073 1516 2168 scripsit,

125 2184 311 2290 Θύμβρις,
341 2183 381 2270 ὃς
415 2180 567 2288 ἱμερτὴν
597 2183 842 2284 ἀποτέμνεται
875 2184 1009 2289 ἀνδιχα
1035 2182 1191 2286 Ῥιόμην,
1226 2194 1265 2266 in
1298 2194 1517 2268 Marcellin.b

129 2313 273 2400 Tiberis,
293 2315 356 2411 qui
385 2312 500 2388 toedio
527 2313 732 2390 intersecans
763 2311 891 2388 ιυααία
909 2356 920 2368 -
938 2355 949 2366 -
967 2355 978 2367 -
996 2355 1007 2366 -
1023 2313 1199 2412 Tyrrheno
1225 2313 1319 2387 mori
1346 2315 1517 2390 miscetur.

125 2441 168 2511 In
187 2443 222 2513 5.
244 2437 297 2535 (4.
313 2438 438 2535 metr.)
458 2437 502 2511 ud
528 2437 638 2536 epith.
658 2430 897 2510 καλλίπυλον
914 2436 1007 2511 conf.
1026 2438 1163 2535 scriptt.
1183 2437 1229 2510 de
1247 2439 1360 2536 portis
1375 2439 1515 2512 Thebe-

126 2563 211 2636 icis:
240 2563 389 2636 Homer.
407 2562 445 2634 in
461 2587 520 2634 vv.
538 2562 734 2636 notissimis
751 2587 772 2634 α
792 2561 968 2636 Strabone
985 2562 1131 2635 citatis⁰:
1159 2550 1240 2633 Αἵθ
1262 2549 1517 2653 ἑκατόμπυλοί

126 2685 200 2760 εἱσι
216 2715 251 2760 κ.
268 2690 307 2760 λ.
325 2686 410 2760 dein
428 2687 604 2787 Perieget.
624 2675 760 2779 θήβην
773 2677 937 2781 ὠγυγίηυ
957 2673 1229 2778 ἑκατόμπυλον,
1243 2678 1331 2758 ἔνθα
1349 2677 1517 2781 γεγονὼς

126 2806 293 2906 Μέμνων
311 2801 576 2886 α’ντέλλουσαν
595 2801 659 2904 ἑὴν
677 2799 883 2906 ἀσπάζεται
901 2797 1008 2882 Ἠὢᾱ.
1047 2811 1194 2908 Optime
1212 2835 1357 2908 quoque
1375 2811 1515 2885 fluxum

125 2941 345 3014 concitatum
371 2939 529 3014 fluminis
547 2937 714 3036 AEgyptii
740 2935 905 3034 depingit
921 2961 996 3010 vox
1013 2925 1266 3028 ἐλαυνόμενος,
1285 2937 1344 3011 cui
1370 2937 1515 3010 minime

125 3063 380 3162 squipmsnds
397 3075 481 3137 sunt
500 3061 734 3153 Callimachi3
761 3052 947 3156 πλήθοντι
971 3055 1109 3163 ῥεέθρῳ
1130 3059 1272 3140 Νεῖλος
1294 3052 1368 3136 ἀπὸ
1399 3089 1515 3160 κρημ-

126 3187 205 3260 νοῖο
226 3173 443 3285 κατέρχεται
458 3181 685 3278 Αἱθιοπῆοςθ.
738 3185 782 3256 Ιυ
801 3186 834 3258 6.
864 3185 917 3285 (5.
935 3184 1057 3284 metr.)
1077 3212 1249 3286 agnosces
1276 3189 1512 3262 Homericum

124 3299 247 3410 μάχης
266 3301 460 3409 ἀκόρητον,
478 3311 578 3407 quod
594 3322 632 3384 et
649 3298 769 3402 μόθου
789 3299 850 3382 α’κ,
867 3310 949 3384 ete‘
996 3311 1127 3385 Formo
1143 3324 1199 3386 est
1215 3313 1361 3387 Ionica:
1392 3315 1515 3410 Tragi-

161 3533 175 3555 “
191 3520 300 3597 Expos-
312 3518 440 3577 Ststut.
460 3537 489 3594 p.
504 3520 571 3581 900.
844 3525 913 3574 sute
925 3535 964 3574 m.

162 3615 273 3674 'Iliud.
288 3619 321 3673 rs.
337 3617 401 3674 151.
884 3615 1278 3677 *Videlooeinutusstt
1383 3657 1385 3662 ·

162 3727 179 3748 '
189 3714 337 3774 Heraclio
351 3717 418 3779 394.
433 3733 455 3772 s.
885 3712 991 3770 bLibr.
1000 3729 1088 3770 xxtx.
1102 3711 1130 3772 6.
1145 3715 1201 3771 sub
1221 3723 1297 3771 extr.

162 3825 174 3848 ¹
192 3815 276 3874 Iliad.
290 3815 330 3888 χ’.
344 3815 411 3870 411.
884 3809 977 3867 ‘Scil-
1004 3808 1090 3868 Iliad.
1118 3815 1144 3868 ι’.
1169 3812 1235 3870 381.
1263 3829 1299 3868 ss.
1327 3812 1357 3868 iu
1387 3829 1461 3870 xvu.
1491 3815 1514 3868 l.

163 3926 173 3958 ¹
189 3914 270 3972 Libr.
286 3931 315 3971 v.
329 3915 376 3978 92.
389 3916 416 3970 2.
429 3911 479 3969 fin.
501 3911 550 3970 Sic
559 3911 674 3980 strabo,
689 3909 720 3967 in
731 3925 793 3967 vm.
844 3929 871 3986 p.
886 3906 953 3968 462.
971 3909 1004 3967 Τ.

125 4011 150 4072 6.
163 4015 269 4092 pult.
281 4013 316 4070 Τ.
330 4011 384 4071 ubi
394 4021 424 4070 et
434 4011 545 4070 citetur
555 4029 671 4088 psroem.
683 4013 793 4089 Κόςαθιι
884 4009 895 4042 ¹¹
909 4007 971 4066 Ubi
984 4027 1081 4086 supra,
1096 4011 1162 4068 250.

126 4116 286 4195 logoefnm.
884 4107 1197 4185 ‘Hymn.1v.208.s.
1299 4175 1304 4187 .

162 4211 270 4270 'Confi
288 4207 445 4284 &eorpus
463 4209 526 4265 lou
546 4216 577 4264 et
597 4215 650 4264 oet.
670 4207 741 4264 loeo.
764 4207 794 4264 in
885 4201 1040 4267 ‘Iliaut
1060 4203 1121 4268 117.
1150 4204 1321 4276 ettiltu.
1374 4249 1376 4254 .

127 4311 187 4370 biv.
208 4326 323 4368 xxxiv.
347 4310 394 4372 29.
415 4306 465 4364 fiu
499 4306 644 4364 Ammisn.
669 4311 793 4366 sufflo.
