3994 5242
150 532 400 622 macnecxcrv]
768 539 913 610 MYRA.

242 847 625 922 ΕΔΟΞΕΤΗΒΟΥΛΗ
968 852 1109 968 Ἔδοξε
1128 866 1174 972 τῇ
1195 869 1323 972 Βουλῇ

240 970 534 1043 ΚΑΙΤΩΔΗΜΩ
975 980 1035 1060 καί
1054 985 1105 1089 τῷ
1120 981 1237 1092 Δήμιμ
1257 987 1278 1086 ἡ

240 1087 365 1158 nm
364 1089 557 1158 ΑΝΕΩΝΓ
558 1094 629 1162 ΝΩ
976 1096 1199 1200 Πρυτάνεων
1218 1099 1312 1204 yad-

170 1201 189 1271 5
239 1207 577 1279 attentatam
972 1217 1244 1318 μηεπιδιατο.

239 1325 336 1392 ΜΗ.
351 1327 537 1396 ΕΞΕΥΡΙΣ
972 1329 1047 1432 μὴν
1067 1332 1207 1440 ἐξευρί-

238 1447 570 1554 ΚΕΙΝῘΗΝΕΠΙΛΙ
973 1489 1079 1536 σκειν
1098 1454 1166 1558 τὴν
1186 1460 1246 1540 ε’πί
1265 1462 1331 1542 Λί-

238 1569 568 1640 ΜΥΡΑΠΟΡΘΜΕ
972 1605 1072 1676 μυρα
1090 1580 1298 1679 πορθμευο-

238 1688 589 1758 ΜΕΝΩΝΤΗΝΑΞΙ
971 1687 1091 1785 με’νων
1110 1686 1179 1790 τὴν
1199 1690 1320 1798 ἀξίαν·
1350 1691 1473 1775 Ἐπει-

106 1825 111 1836 ·
144 1801 187 1872 10
235 1807 614 1880 ΔΗΣΥΝΒΑΙΝΕΙΕΝ
972 1807 1017 1912 δὴ
1041 1813 1240 1912 συμβαίνει
1261 1817 1300 1895 ἐν
1318 1819 1370 1924 τῷ

235 1925 588 1999 ΔΙΑΠΛΕΥΣΑΙΤΟ
972 1933 1197 2013 διαπλεῦσαι
1215 1931 1282 2014 τὸν

237 2047 645 2120 ΕΤΕΡΟΝΠΑΡΑΠΟΡ
971 2051 1098 2156 ἕτερον
1116 2087 1311 2159 παραπορ-

234 2171 632 2244 ΘΜΕΥΣΑΙΜΗΔΙΚΑ
971 2175 1131 2270 θμεῦσαι
1149 2167 1200 2272 μὴ
1221 2177 1336 2254 δικαί-

233 2292 644 2362 ΩΣ...ΑΠΟΤΟΥΣΥ
970 2324 1030 2388 ως,
1049 2288 1143 2392 μηδὲ
1163 2289 1237 2373 ἀπὸ
1257 2303 1324 2374 τοῦ
1343 2290 1488 2394 συστή-

142 2405 183 2474 15
272 2409 692 2481 ΑΤΟΣΤΗΣΛΙΜΝΗΣ
968 2447 1086 2510 ματος·
1104 2417 1171 2513 τῆς
1189 2416 1336 2516 λίμνης,
1356 2422 1428 2496 Δε-

233 2528 613 2600 ΔΟΧΘΑΙΦΕΝΑΚΙΣ
970 2528 1102 2637 δόχθαι
1121 2535 1346 2638 φενακίσαν-

271 2649 693 2723 ΟΦΕΙΛΗΣΕΙΝΤΩΔΗ
969 2682 1016 2726 τα
1035 2647 1257 2755 ὀφειλήσειν
1276 2656 1327 2730 τῶ
1346 2647 1426 2751 Δή-

236 2771 373 2840 ΩΜΥΡ
377 2823 571 2840 ........
573 2774 675 2843 ΤΟΥ
967 2769 1084 2874 μφτῷ
1092 2767 1252 2872 Μυρέων
1267 2767 1527 2876 δηνάρια--τοῦ

234 2889 469 2960 ΠΛΩΙΣΑΝ.
491 2939 503 2960 .
522 2893 722 2966 ,ΕΤΕΡΟΥ
968 2880 1219 2964 πλωῖσνίντων
1239 2883 1366 2989 ἑτέρου
1385 2885 1468 2967 τού-

136 3005 181 3078 ro
265 3011 600 3082 nsaxostroxu
968 2995 1273 3106 τωιὲχοντοςῆ-

233 3129 350 3200 ΜΙΣΥ
967 3155 1062 3220 μίσυ

134 3310 338 3396 utrumque,
372 3313 414 3374 ut
447 3302 565 3376 statim
601 3305 806 3402 apparebat,
838 3327 1077 3403 congenerem
1105 3315 1143 3377 et
1172 3303 1218 3377 ad
1252 3329 1327 3378 rem
1358 3300 1527 3398 λιμενίαν

133 3417 382 3512 pertinentem.
434 3419 519 3494 Non
536 3445 624 3494 vero
641 3421 891 3497 affirmaverim
909 3421 1009 3521 quod
1031 3422 1068 3495 in
1092 3422 1217 3519 primis
1235 3424 1347 3496 menti
1364 3449 1528 3501 occurre·

133 3537 200 3626 bat,
219 3539 346 3613 titulos
370 3539 462 3614 serie
486 3543 659 3616 continua
682 3543 895 3619 decurrere:
925 3543 1061 3618 idcirco
1082 3544 1150 3616 sub
1174 3543 1353 3641 capitibus
1374 3543 1525 3620 diversis

133 3661 248 3748 statui,
267 3683 331 3734 eos
349 3673 468 3735 tamen
482 3664 582 3760 justa
599 3665 690 3739 serie
708 3677 936 3740 tractatmns.

202 3781 400 3878 Inscriptio
418 3783 437 3856 b
454 3785 571 3858 multo
592 3787 711 3859 minus
734 3786 942 3861 detrimenti
970 3807 1161 3884 perpessus
1184 3784 1302 3858 fuerat
1320 3809 1340 3857 a
1357 3785 1523 3858 manibus

132 3901 359 3994 laedentium3
386 3904 538 3999 proinde
557 3930 681 3978 sensus
699 3917 737 3979 et
753 3906 949 3980 lectionum
967 3903 1196 3978 concinnatio
1214 3905 1327 4001 magis
1343 3904 1381 3976 in
1399 3919 1524 4000 aperto

132 4037 222 4096 sunt.
269 4023 352 4096 Lex
368 4023 669 4098 transfretationis
687 4049 708 4097 a
725 4039 834 4122 portu
852 4023 1015 4122 Myrensi
1034 4021 1080 4096 ad
1097 4022 1346 4120 Limyrensem
1366 4025 1525 4096 sancitur

132 4141 276 4217 decreto
301 4142 399 4218 facto
421 4169 443 4217 a
469 4144 607 4220 Senatu
623 4158 660 4218 et
677 4146 820 4243 Populo
843 4144 1041 4218 secundum
1060 4143 1272 4240 Prytanium
1300 4144 1523 4228 sententiam,

136 4265 266 4353 ethos,
283 4265 492 4356 utvidetur,
510 4269 558 4342 ad
569 4267 732 4343 fraudem
751 4269 1001 4369 corrigendam
1019 4267 1236 4366 portitorum
1255 4255 1524 4365 (ἐπίδιατομὴν

192 4416 313 4463 rasere.
329 4416 380 4461 ιιι.
820 4419 833 4464 ι
