3994 5242
140 575 396 658 mamm]
664 567 1002 639 ANTIPHELLUS.
1493 581 1532 644 19

140 763 200 836 de:
220 761 293 836 teta
310 787 319 832 :
338 761 454 841 mata,
472 758 506 830 h.
518 783 547 830 e.
565 756 743 833 vaccent
768 758 963 859 sepulerum
980 759 1048 846 ton,
1066 775 1259 860 conspecta
1283 763 1437 860 quadam
1455 791 1534 840 ana·

140 889 231 986 logia
247 887 344 960 inter
360 883 455 960 atde
471 897 509 957 et
526 873 629 973 tato,
646 885 719 960 tclrd
737 897 774 958 et
791 874 899 978 θήκη.
951 885 1058 978 Dein,
1077 886 1172 960 sicco
1189 888 1283 986 pede
1305 889 1434 962 transit
1450 913 1482 962 v.
1498 891 1531 962 4.

143 1008 278 1106 Sharp,
295 1016 506 1103 exspectato
522 1004 636 1078 altero
653 1029 770 1101 eoque
786 1004 1000 1103 perfectiore
1021 1007 1237 1105 apographo.

210 1126 475 1224 Discrepantiae
491 1126 530 1197 in
544 1124 674 1200 Graeco
688 1137 773 1199 sunt
790 1126 827 1198 in
844 1151 879 1198 v.
898 1129 929 1199 l.
951 1133 1165 1202 ΙΚΤΑΣΛΑ.
1213 1131 1302 1202 Erat
1319 1127 1419 1226 quod
1436 1127 1533 1222 dedi,

141 1251 196 1322 cui
218 1247 460 1346 respondebat
478 1246 565 1344 Lyc.
584 1243 712 1321 Idoslo
730 1247 789 1320 vel
806 1245 953 1339 Iliada,
971 1247 1065 1320 sicut
1080 1245 1231 1348 Lapara
1249 1247 1288 1319 in
1305 1247 1465 1344 inscript.
1485 1271 1533 1320 ex

142 1373 217 1446 loco
227 1369 377 1468 Laveary
397 1367 489 1466 (vid.
502 1365 642 1440 Praefat
657 1379 729 1440 not.
740 1366 787 1460 c.)
804 1366 935 1442 Graeco
951 1371 1183 1440 ΛΑΠΑΡΑΣ.
1240 1365 1383 1439 Deinde
1402 1365 1439 1436 in
1453 1389 1486 1436 v.
1500 1369 1531 1437 2.

143 1493 195 1565 fin.
213 1491 638 1573 MlRHXlllHAlQPA,
656 1499 694 1560 et
711 1487 749 1559 in
767 1490 800 1559 4.
812 1489 845 1560 5.
861 1487 1399 1580 ΗΛΗΤΩΑΥΤΟΝΕΠΙΤΝψ.

213 1610 324 1704 Quod
350 1609 399 1682 ad
418 1609 557 1681 litteras
580 1607 779 1705 singulares
802 1605 940 1693 attinet,
960 1607 1141 1680 notabunt
1163 1605 1315 1680 studiosi
1344 1606 1383 1679 in
1401 1606 1531 1683 Graeco

142 1731 316 1806 adscitum
335 1731 416 1802 Iota
432 1727 690 1825 postscriptum
711 1724 811 1821 quod
828 1750 850 1798 a
865 1725 995 1798 ceteris
1016 1749 1119 1822 paene
1136 1726 1304 1799 omnibus
1322 1727 1445 1798 abeat:
1474 1749 1531 1797 me

142 1877 246 1949 porro
263 1853 302 1924 in
320 1848 562 1946 explicatione
585 1847 698 1943 Lycia
714 1846 920 1944 designasse
937 1847 1080 1920 vocales
1103 1869 1185 1942 quae
1208 1871 1275 1944 pro
1299 1845 1416 1944 longis
1438 1869 1533 1918 oom-

143 1973 298 2045 muniter
313 1969 494 2042 habentur
509 1989 574 2064 per
590 1979 712 2039 notam
733 1963 795 2064 (Α)
812 1989 920 2062 supra
937 1965 1113 2063 scriptam.
1167 1967 1301 2040 Haereo
1318 1967 1475 2040 maxime
1493 1967 1532 2040 in

143 2093 269 2166 litteris
288 2097 315 2164 Β
335 2095 367 2160 ÷
380 2097 429 2174 at,
454 2109 605 2184 quarum
623 2086 780 2184 priorem
797 2111 879 2160 cum
895 2088 933 2161 V
944 2089 1236 2187 aequiparandum
1251 2090 1351 2178 duxi,
1367 2091 1432 2166 has
1448 2115 1531 2167 oum

144 2215 190 2286 W
204 2194 365 2299 veluit]
380 2208 515 2285 lineola
530 2209 617 2283 huic
635 2209 877 2308 suprascripta
897 2223 939 2284 ut
961 2209 1172 2309 designetur
1193 2210 1232 2283 id
1253 2209 1380 2285 efferre
1403 2235 1531 2285 sonum

143 2333 246 2406 unius
257 2331 448 2404 dumtaxat
458 2329 636 2401 elementi.
667 2329 781 2401 Porro
792 2325 987 2426 adspiratio
1000 2329 1164 2425 quaedam
1177 2328 1321 2404 videtur
1338 2330 1532 2426 aliquando
1601 2329 1608 2341 “

143 2455 257 2526 inesse
284 2451 370 2526 huic
394 2449 518 2534 literae,
537 2473 645 2544 quam
670 2448 821 2524 fortasse
844 2449 1108 2546 comparaveris
1133 2462 1266 2522 nostrae
1289 2451 1356 2524 wli.
1411 2451 1471 2526 Sic
1494 2451 1532 2523 in

144 2575 247 2648 titulo
261 2573 376 2672 Lycio
387 2553 595 2650 &cacano
605 2575 801 2673 respondet
812 2565 1249 2675 Graeco’Avrrpehltt'rpr.
1285 2568 1428 2644 Idcirco
1445 2591 1532 2664 prae

143 2693 329 2768 serendum
352 2697 508 2770 arbitror
530 2698 568 2770 in
595 2697 715 2770 medio
737 2697 800 2782 wlt,
818 2710 860 2770 ut
882 2697 933 2769 ita
958 2696 1131 2792 scriptum
1150 2706 1289 2792 prostet
1306 2668 1532 2782 llndwdffa,

144 2814 250 2910 idque
277 2839 353 2887 non
380 2816 474 2889 sicut
500 2841 562 2891 ore
587 2842 653 2890 suo
670 2817 872 2891 excultiore
890 2815 1035 2914 Anglus
1062 2814 1209 2911 quidam
1233 2815 1416 2902 extulerit,
1433 2816 1534 2889 nulla

144 2937 372 3013 distinctione
397 2937 492 3013 facta
516 2940 611 3013 inter
636 2939 689 3013 wlt
715 2951 752 3012 et
777 2963 818 3022 w,
837 2936 901 3011 sed
924 2937 970 3011 ad
995 2960 1131 3010 morem
1159 2950 1322 3010 nostrum
1348 2936 1412 3031 qui
1438 2937 1532 3008 inter

144 3059 362 3130 monimenta
377 3058 565 3132 vetustatis
581 3057 731 3134 Celtica
748 3067 933 3130 versantes
951 3079 1079 3129 sonum
1096 3054 1326 3128 horridulum
1349 3055 1531 3128 mordicus

145 3189 315 3250 tenemus.
367 3177 450 3250 Hoc
467 3176 635 3275 equidem
662 3191 700 3250 et
724 3176 770 3250 de
795 3177 975 3251 elemento
996 3175 1235 3273 Baliquoties
1260 3173 1530 3274 praedicandum

145 3293 296 3380 videtur,
313 3307 355 3367 nt
380 3319 429 3368 ex
454 3296 649 3394 epigraphe
670 3299 810 3372 nummi
834 3322 856 3369 a
882 3295 1036 3392 Sharpio
1053 3295 1154 3369 citati
1169 3297 1295 3392 liquet,
1313 3298 1441 3394 inquo
1459 3309 1533 3370 tan·

145 3443 245 3514 quam
265 3445 427 3518 congrua
442 3437 629 3520 ponuntur
643 3417 846 3522 Τηλεφίων
859 3433 896 3496 et
911 3417 1308 3524 ΤᾼΛᾼΒᾼ-Ι-Ε-Ι-Ε’.

214 3543 378 3639 Propero
402 3567 500 3616 nunc
517 3541 564 3616 ad
581 3542 843 3640 explicationes
866 3541 991 3636 quales
1015 3541 1106 3614 mihi
1122 3541 1161 3614 in
1178 3552 1336 3613 mentem
1354 3555 1532 3614 venerunt

145 3683 272 3734 vocum
291 3661 495 3758 Lyciorum,
519 3660 631 3757 idque
647 3660 795 3733 minime
810 3657 969 3732 confisus
985 3659 1129 3734 lacertis
1145 3659 1245 3744 meis,
1264 3658 1328 3732 sed
1350 3683 1396 3732 ne
1414 3659 1531 3732 officio

144 3783 416 3855 commentantis
434 3783 559 3857 deesse
576 3782 708 3856 videar.
760 3781 946 3856 Proferam
962 3780 1046 3854 ideo
1064 3779 1271 3880 singillatim
1289 3793 1326 3854 et
1342 3781 1379 3852 in
1404 3779 1530 3854 ordine

182 3981 195 4020 ⁸
208 3978 288 4036 Vide
304 3978 435 4037 Fellows.
450 3979 547 4056 Lyctia,
562 3989 607 4038 etr.
629 3977 759 4056 Append.
775 3981 809 4038 B.
862 3981 956 4040 filium
971 3981 1117 4050 Herculia,
1131 3979 1284 4038 donarium
1298 3981 1431 4058 Apollini
1446 3981 1531 4040 Peta-

146 4093 190 4152 pp·
203 4079 272 4140 447.
285 4063 354 4136 462
862 4099 912 4138 reo
925 4079 1100 4138 afferentem.
1141 4079 1274 4156 Effigiem
1293 4081 1324 4136 in
1343 4099 1377 4138 eo
1397 4091 1530 4156 prostan-

182 4175 287 4233 Obiter
310 4173 360 4232 hio
382 4176 545 4234 notandum
567 4185 612 4235 est
632 4195 716 4252 posse
735 4175 815 4234 huno
865 4187 924 4236 tem
938 4177 1111 4236 crediderim
1125 4195 1186 4235 esse
1194 4176 1316 4253 Telephi
1324 4178 1424 4254 ipsius,
1434 4187 1464 4235 et
1472 4197 1531 4236 non

146 4291 295 4332 nummum
320 4273 548 4332 illustrationem
574 4295 675 4352 capere
699 4293 736 4333 ex
757 4275 811 4334 loo.
861 4275 979 4333 omnino
999 4274 1123 4351 spectari
1144 4270 1219 4349 δῆμον
1233 4279 1360 4343 Timolus
1374 4273 1481 4350 dequo
1494 4293 1531 4332 ex

148 4371 265 4431 Pansam
279 4391 318 4430 nu
334 4377 381 4431 41.
400 4377 423 4433 l.
446 4373 608 4451 Telephum
623 4385 811 4446 memorante,
863 4373 1026 4452 Byzantina
1039 4373 1149 4449 cogitat
1162 4371 1312 4448 Sharpina
