3918 5240
123 512 500 598 ruscn.occxrv.cccxv.]
699 506 936 574 XANTHUS.
1473 513 1514 576 99

122 721 326 795 libertatem
354 717 490 794 ademit
516 718 640 817 Lyciae
667 729 703 791 et
729 717 870 816 regioni
896 715 1058 791 finitimae
1076 717 1342 817 Vespasianus)
1367 730 1406 792 et
1429 720 1512 793 832.

121 840 275 927 Deinde,
293 863 402 937 opere
420 839 467 912 ad
494 837 601 911 finem
618 837 795 934 perducto
813 849 851 910 et
869 839 955 910 Tito
973 861 1147 912 summam
1165 837 1379 936 dignitatem
1396 853 1512 926 nauto

121 986 202 1034 eum
219 960 364 1058 paterni
380 957 527 1030 honoris
545 971 749 1030 consortem
766 957 877 1030 fuisse
895 954 1039 1030 sactum.
1097 957 1171 1030 Hie
1188 981 1277 1030 vero
1302 982 1376 1030 non
1397 958 1515 1032 habeo

121 1084 217 1155 viros
236 1081 364 1154 doctos
382 1079 446 1176 qui
463 1078 551 1152 mihi
569 1090 839 1153 antecesserunt
856 1079 1101 1167 assentientes,
1114 1090 1270 1174 utroque
1283 1079 1390 1154 titulo
1407 1081 1453 1153 ab
1470 1080 1514 1153 iis

122 1201 255 1274 seniori
274 1199 458 1272 attributo.

193 1320 326 1394 Edidit
342 1320 484 1392 Franz?
503 1316 702 1390 secundum
720 1317 903 1390 Fellowsii
921 1342 1043 1416 apogr.
1062 1341 1284 1414 expressum,
1302 1315 1386 1390 ideo
1403 1317 1514 1391 sordi·

121 1443 187 1514 bus
204 1441 405 1540 oppletum,
423 1437 623 1512 intervallis
641 1461 786 1533 quoque
804 1437 923 1510 minus
941 1437 987 1510 ad
1004 1437 1173 1510 amussim
1191 1437 1407 1510 constitutis.
1444 1439 1512 1510 Ex.

120 1591 171 1664 gr.
186 1567 226 1640 in
245 1589 281 1639 v.
299 1570 331 1638 l.
351 1565 525 1637 intactum
552 1585 697 1658 prorsus
714 1561 933 1655 relinquitur
952 1561 1106 1658 spatium
1124 1562 1161 1634 in
1178 1585 1253 1658 quo
1269 1561 1387 1658 posita
1402 1560 1512 1634 fuisse

120 1687 269 1759 nomina
293 1684 473 1769 existimo
501 1685 612 1756 immo
639 1682 760 1780 potius
790 1683 907 1756 alieno
932 1683 1174 1780 consignatur,
1203 1683 1341 1781 syllaba
1364 1687 1432 1756 ΩΥ
1452 1683 1511 1779 (in

120 1819 232 1880 nostr.
250 1805 338 1902 ΟΥ)
357 1830 379 1877 a
395 1829 503 1878 versu
521 1809 554 1878 2.
574 1817 751 1878 revocata.
803 1803 957 1892 Deinde,
982 1805 1019 1877 in
1038 1807 1083 1888 2..
1109 1806 1240 1877 absunt
1263 1801 1398 1876 indicia
1414 1802 1513 1876 vocis

122 1934 147 1998 Γ
148 1931 435 2001 ΕΙΝΟΜΕΝΟΝ
463 1952 544 2023 quae
572 1928 611 2000 in
635 1951 679 2000 eo
701 1927 966 2024 comparebant
1019 1925 1167 2001 Ceteras
1185 1923 1308 1998 sordes
1325 1949 1512 1998 recensere.

120 2049 170 2122 nil
187 2047 383 2145 profuerit:
411 2047 580 2122 abstersit
596 2073 670 2144 qua
687 2048 807 2144 potuit
824 2049 950 2120 Franz.
970 2047 1087 2120 aliena
1102 2071 1171 2144 ope
1189 2045 1395 2119 destitutus.

195 2171 258 2242 Ex
276 2168 390 2240 titulis
415 2167 654 2263 imperatoriis
679 2165 855 2239 habemus
871 2165 931 2239 hic
949 2177 1177 2238 enumeratos
1194 2163 1385 2238 dumtaxat
1400 2163 1513 2263 Impe-

120 2304 283 2380 ratorem,
300 2285 548 2385 Sospitatorem
560 2297 596 2356 et
613 2281 870 2382 Benp‘actorem
883 2280 1030 2375 Mundi,
1044 2281 1173 2354 ceteris
1190 2280 1405 2378 posthabitis
1422 2306 1514 2378 quos

121 2410 265 2506 plenius
282 2432 449 2482 reeensos
468 2406 642 2480 habemus
659 2406 698 2478 in
716 2405 770 2478 tit.
786 2427 964 2480 ccnxxnr.
983 2429 1081 2502 supr.
1126 2402 1309 2478 Convenit
1326 2428 1435 2500 porro
1453 2403 1513 2477 hic

120 2529 247 2602 titulus
273 2527 442 2613 nummis,
463 2529 593 2598 omissa
618 2523 801 2598 mentione
819 2523 1004 2599 Censurae.
1059 2525 1159 2598 Vide
1176 2523 1262 2598 ibid.
1280 2535 1356 2596 not.
1371 2523 1404 2597 b.
1454 2525 1512 2598 De

123 2653 290 2723 ΠΡΕΣΒ.
301 2650 518 2722 ΑΝΤΙΣΤΡ.
536 2645 573 2716 in
591 2643 656 2716 ult.
676 2641 771 2716 conf.
791 2644 926 2715 Fasc.1.
946 2642 993 2716 ad
1010 2669 1046 2716 n.
1058 2665 1138 2716 m.
1158 2645 1190 2716 3.
1205 2654 1243 2716 et
1259 2642 1346 2716 ibid.
1360 2643 1511 2718 Auctor.

122 2771 257 2866 p.195.

549 3261 1054 3332 ΣΕΒΑΣΤΩΝΣΕΤΟΝΕΥ

550 3374 1085 3456 ΟΛΕΩΣΤΟΥΛΥΚΙΩΝΕΘΝ

550 3486 1073 3558 ΛΙΏΣΗΜΩΝΚΛΑΥΔΙΑΤΙ

475 3599 496 3668 5
547 3596 1083 3668 ΔΙΑΘΗΚΗΝΑΠΟΛΕΙΦΘΕΙ

545 3710 1000 3780 ΥΔΙΑΝΟΥΤΟΥΕΥΕΡΓ
1002 3709 1027 3776 Ε

122 3887 200 3971 Τὸν
230 3881 473 3993 πρεσβευτὴν
503 3887 563 3966 καὶ
591 3881 891 3989 ἀντιστράτηγον
910 3889 1116 3980 Σεβαστῶν
1135 3881 1290 3989 Σέξτον,
1319 3884 1515 3989 εὐεργέτην

123 4027 186 4122 τῆς
216 4015 486 4124 μήτροπόλεως
518 4027 585 4099 τοῦ
609 4019 755 4098 Λυκίων
787 4017 914 4102 ἔθνους
939 4015 1104 4114 Ξάνθου,
1129 4023 1194 4119 τῆς
1224 4015 1369 4104 πόλεως
1399 4022 1513 4120 ἡμῶν,

321 4253 333 4288 ⁸
346 4249 408 4308 Ubi
421 4270 516 4327 supra
531 4271 559 4326 p.
578 4253 640 4308 148.
655 4269 683 4307 n.
697 4249 783 4313 4270.
799 4250 829 4306 in
850 4250 917 4307 libr.
928 4250 1058 4308 Fellows.
1073 4268 1100 4325 p.
1110 4252 1175 4314 409.
1191 4269 1218 4306 n.
1230 4253 1294 4314 159.
