4028 5258
741 523 981 592 AEGYPTUS.
1493 530 1556 596 367

150 725 446 822 praestantissimi
476 725 667 800 Letronnii
693 728 929 822 conlectioiar,
958 737 1090 803 cuncta
1122 742 1337 804 cunctorum
1369 729 1409 803 in
1441 755 1555 804 unum

150 857 342 944 congesta,
364 869 440 942 prae
457 845 589 941 quibus
612 846 804 943 perpaucis
827 869 911 941 quae
933 846 1194 944 descripseram
1217 846 1322 920 facile
1340 847 1555 922 scriniorum

122 1063 125 1068 Ι
151 965 328 1036 tenebras
345 964 562 1038 indulserint
581 965 755 1040 studiosi:
783 965 899 1040 fateor
910 968 1006 1040 enim
1023 992 1081 1040 me
1099 992 1172 1042 non
1189 967 1265 1041 ulla
1281 968 1458 1065 reperisse
1472 969 1556 1064 (qui

151 1095 321 1180 poteram
332 1082 368 1181 l)
396 1108 477 1180 quae
493 1109 566 1158 non
580 1085 797 1182 jamdudum
815 1099 1059 1162 tractaverant
1075 1087 1145 1160 viri
1161 1087 1406 1186 impigerrimi.

233 1203 411 1276 Pervenit
435 1201 525 1274 mihi
550 1201 596 1275 ad
621 1227 749 1276 manus
774 1203 869 1277 liber
886 1205 1151 1278 Letronnianus
1178 1229 1290 1302 quum
1313 1208 1389 1303 jam
1406 1205 1558 1280 officinae

152 1322 394 1396 Academica
419 1323 669 1396 commiseram
687 1325 905 1422 AEgyptiaca
930 1349 1020 1419 mea,
1045 1325 1148 1420 isque
1170 1325 1385 1420 eruditione,
1412 1325 1556 1423 qualem

152 1457 372 1540 exspectare
400 1467 544 1540 aequum
572 1457 659 1530 erat,
690 1446 877 1542 copiisque
907 1446 1069 1542 undique
1095 1447 1248 1520 conlatis
1273 1459 1431 1534 ornatur,
1461 1449 1557 1520 inter

153 1587 250 1659 quas
263 1565 424 1638 eminent
439 1580 713 1665 proscynemata
724 1567 918 1654 Phileusia‚
936 1568 1032 1662 dein,
1050 1568 1141 1642 utin
1154 1569 1289 1641 nostris
1302 1592 1432 1654 morer,
1444 1581 1554 1654 actuo,

153 1713 252 1784 quos
274 1688 412 1782 dicunt,
430 1684 640 1786 παρουσίας
658 1691 705 1765 ad
721 1692 902 1766 colossum
921 1691 1158 1785 Thebaicum,
1175 1717 1257 1766 cum
1273 1692 1489 1789 quibusdam
1507 1716 1556 1764 ex

155 1810 257 1885 Oase
283 1809 416 1905 Majori
442 1811 576 1883 relatis.
629 1813 731 1884 Inter
747 1811 1059 1885 conlaborantium
1084 1811 1231 1884 nomina
1254 1811 1417 1885 eminent
1435 1811 1556 1886 Cailli·

154 1928 269 2016 audii‚
296 1929 422 2028 Hydii,
448 1929 649 2024 Hoskinsii,
667 1931 902 2024 Wilkinsoni,
928 1931 1061 2028 Lepsii‚
1079 1929 1256 2017 Durandi,
1277 1929 1391 2018 Saltii,
1409 1930 1556 2006 L'Houi

154 2047 234 2122 fato
260 2049 367 2122 nimis
398 2049 591 2122 immaturo
618 2051 798 2147 praerepti,
826 2051 1052 2146 aliorumque
1080 2075 1161 2148 quae
1190 2075 1380 2125 recensere
1406 2052 1556 2150 longum

155 2169 265 2244 foret.
317 2173 378 2244 Ex
402 2171 631 2245 adminiculis
649 2196 730 2268 quae
748 2173 1111 2246 subministraverant
1127 2173 1197 2244 viri
1215 2173 1363 2270 egregii,
1380 2173 1481 2246 dolet
1496 2197 1555 2246 me

155 2291 416 2364 maximenon
442 2289 598 2365 adfuisse
625 2315 738 2387 quum
764 2293 866 2389 prelo
892 2293 1090 2388 subjicerer
1107 2291 1332 2378 L'Hdtiana3
1366 2291 1556 2366 simulacra

157 2411 244 2486 dico
274 2411 464 2486 titulorum
495 2413 789 2486 Memnoniorum
816 2413 1059 2510 imprimendo
1085 2412 1198 2503 facta;
1235 2411 1346 2508 idque
1374 2437 1448 2485 non
1481 2424 1556 2484 tam

156 2546 309 2631 propter
325 2533 433 2606 fidem
457 2557 530 2629 qua
554 2534 747 2608 elaborata
774 2546 859 2608 sunt
882 2533 1057 2632 imagines
1083 2533 1171 2630 ipsae
1188 2556 1297 2629 quam
1314 2533 1363 2606 ob
1380 2531 1555 2605 lectiones

156 2655 334 2753 quasdam
363 2679 444 2751 quae
470 2655 588 2728 visum
613 2653 704 2726 mihi
728 2654 824 2726 inter
849 2651 1143 2750 perlustrandum
1168 2649 1381 2737 fefellerant,
1399 2651 1556 2724 invicem

155 2774 251 2848 adeo
268 2773 428 2849 confusis
454 2775 492 2848 in
518 2774 699 2871 aliquibus
715 2775 979 2849 elementorum
1006 2772 1126 2871 specie
1152 2783 1262 2868 atque
1280 2770 1418 2845 ordine.
1471 2772 1555 2845 Hoc

156 2919 248 2969 vero
266 2893 448 2968 solaminis
466 2893 576 2980 adest,
595 2893 696 2988 quod
713 2893 837 2966 talium
860 2891 1029 2988 exempla
1053 2890 1223 2988 pauciora
1248 2902 1352 2964 sunt:
1380 2890 1419 2963 in
1446 2914 1554 2987 quam

156 3015 326 3113 plurimis
344 3015 567 3112 experiendo
585 3015 680 3088 sensi
697 3014 797 3110 quod
814 3015 852 3087 in
869 3015 1092 3086 monimento
1108 3013 1275 3099 contrito,
1294 3023 1435 3108 aequata
1451 3035 1552 3108 paene

156 3136 369 3210 canaliculis
386 3135 585 3208 litterarum
603 3136 684 3209 imis
702 3135 902 3232 superficie,
914 3134 1029 3209 oculis
1039 3134 1267 3232 potissimum
1285 3131 1470 3206 fidendum
1488 3145 1553 3218 est,

157 3281 272 3353 quum
299 3268 445 3353 respuat
469 3257 643 3353 imagines
661 3254 752 3328 adeo
770 3253 938 3328 evanidas
964 3253 1075 3327 factas
1100 3253 1251 3327 materia
1273 3251 1550 3350 superinducta:

156 3401 273 3473 reque
294 3377 372 3473 ipsa
391 3375 461 3450 hoc
484 3375 522 3448 iu
540 3375 758 3450 Memnoniis
781 3375 965 3473 probatur,
984 3373 1099 3446 titulis
1116 3373 1209 3446 bene
1227 3371 1359 3456 multis,
1378 3369 1442 3464 qui
1458 3369 1554 3442 inter

159 3496 322 3572 Saltiana
351 3495 595 3594 integritatem
625 3496 710 3571 satis
736 3495 969 3594 spectabilem
994 3494 1160 3578 induunt,
1181 3493 1319 3566 lacunis
1346 3490 1552 3564 omnimode

157 3615 393 3690 conclamatis
419 3617 456 3688 in
480 3616 692 3691 L'Hbtianis
709 3615 968 3689 fatiscentibus.
1019 3612 1149 3686 Addas
1166 3609 1265 3708 quod
1282 3611 1460 3684 elementa
1476 3612 1553 3708 ipsa

157 3741 199 3812 in
224 3735 392 3834 plurimis
417 3735 573 3810 invicem
594 3735 869 3810 confunduntur
885 3735 946 3808 vel
968 3747 1116 3833 propter
1142 3733 1245 3807 strias
1270 3732 1309 3805 in
1333 3731 1452 3828 lapide
1470 3755 1552 3804 con-

199 3933 832 4012 rsci1.1ocueitdulmcrtptionsdrecqao
881 3930 1036 4009 rilipieuaes
1061 3933 1094 3991 dc
1116 3951 1145 3992 ca
1166 3951 1240 4009 pays
1261 3933 1357 4008 depuis
1376 3933 1405 3991 lo
1426 3931 1553 4010 conqueta

157 4043 186 4093 et
198 4033 312 4092 Latinas
332 4035 365 4091 de
387 4019 516 4109 lsspypta
539 4030 657 4092 trudito
676 4035 748 4092 daris
770 4035 830 4092 leur
879 4030 1462 4108 d‘lloandrejmqn’aouudoarato:
1480 4041 1551 4090 tom.

157 4142 278 4210 rapport
298 4151 362 4190 acac
374 4131 503 4190 Plutoirc
518 4131 659 4208 polirique,
676 4131 832 4190 l'adminr's·
883 4149 913 4190 11.
928 4132 1020 4202 Paris,
1032 4147 1245 4190 uncccxtvrn.

156 4233 262 4292 tration
284 4227 436 4300 iotis-seura,
455 4231 492 4289 las
514 4232 678 4289 luodwicus
697 4231 788 4290 ciuiles
809 4241 833 4289 et

818 4327 908 4392 3s2
