4028 5258
586 455 817 523 ADDENDA
839 455 902 522 ET
925 456 1237 526 GORRIGENDA.
1522 465 1582 530 371

192 667 274 742 Ηο0
290 692 378 743 vero
394 693 537 744 mecum
562 684 734 770 reputans
750 672 898 745 missurn
916 671 995 758 feci,
1018 673 1129 746 satius
1153 671 1231 746 fore
1249 672 1442 746 arbitratus
1467 685 1509 746 ut
1534 673 1582 746 le-

190 789 357 886 gentibus
380 788 468 886 ipsis
492 791 763 888 permitteretur
785 791 855 867 hoc
881 791 1050 880 studium,
1069 793 1133 888 qni
1160 793 1207 865 ad
1227 793 1386 866 laborem
1413 793 1579 865 instructi

190 907 347 982 fructum
373 911 572 984 maximum
597 912 731 985 exinde
758 914 830 986 sint
854 913 1080 1010 percepturi;
1107 938 1176 988 nec
1202 914 1401 1008 minimum,
1419 915 1519 1010 quod
1541 915 1582 987 li·

191 1029 294 1102 brum
324 1029 490 1104 doctrina
521 1045 559 1105 et
587 1033 734 1130 ingenio
763 1033 985 1130 praecellenti
1012 1045 1224 1107 contextum
1253 1035 1430 1132 penitiore
1461 1034 1580 1108 studio

190 1149 415 1246 pervolverit,
432 1173 540 1244 quarn
558 1152 588 1224 si
605 1175 747 1225 mecum
765 1152 940 1250 auspicati
960 1153 1029 1225 iter
1045 1152 1323 1250 ingrediendum
1344 1156 1578 1251 susceperint.

191 1270 273 1342 Hoc
290 1267 481 1342 dumtaxat
498 1269 618 1342 valere
639 1271 751 1364 jussis
777 1270 958 1366 profiteor,
984 1294 1042 1343 me
1060 1295 1148 1344 cura
1172 1295 1243 1367 qua
1268 1272 1371 1368 potui
1397 1296 1445 1344 ex
1471 1273 1581 1344 moni·

189 1389 320 1462 mentis
340 1389 427 1486 ipsis
451 1403 582 1462 cuncta
605 1414 686 1485 quae
710 1389 795 1462 dedi
817 1414 1006 1463 exarasse:
1034 1390 1099 1463 sed
1124 1405 1298 1486 quantum
1317 1390 1387 1464 hoc
1404 1391 1581 1488 profuerit

189 1509 226 1581 in
243 1531 352 1603 quarn
370 1509 534 1605 plurimis
558 1520 634 1582 tum
659 1533 737 1581 aevo
755 1522 833 1583 tum
851 1510 984 1605 injuria
1003 1510 1107 1596 laesis,
1131 1523 1306 1606 quantum
1325 1510 1522 1608 diligentiae
1542 1513 1580 1583 in

189 1627 455 1726 perscribenda
483 1629 636 1703 solertiae
661 1631 700 1702 in
722 1630 965 1716 instaurando,
983 1629 1185 1723 debuerint,
1212 1629 1496 1704 benivolentium
1525 1632 1580 1726 ju·

189 1749 292 1823 diciis
310 1762 352 1822 ut
368 1748 582 1846 dignoscant
598 1749 734 1846 linque.

260 1871 388 1944 Restat
412 1871 662 1945 tautummodo
688 1884 730 1946 ut
756 1871 802 1946 de
829 1873 965 1946 Erratis
994 1885 1031 1946 et
1056 1871 1352 1946 Correctionibus
1373 1870 1579 1966 incorpore

188 1991 384 2065 voluminis
400 1993 562 2090 legentes
581 2016 755 2081 moneam,
773 2005 811 2065 et
827 1991 873 2065 ad
891 1991 961 2064 hoc
984 1990 1118 2064 laboris
1144 2015 1201 2062 me
1225 1989 1427 2086 accingenti
1457 1989 1581 2061 subest

188 2111 392 2185 recordatio
419 2113 561 2209 qualem
591 2111 825 2211 typographis
856 2110 1159 2209 praestantissimis
1187 2107 1419 2182 Academicis
1448 2108 1580 2181 debitae

188 2231 306 2306 laudis
326 2231 528 2306 tribuendae
551 2234 777 2306 occasionem
798 2233 995 2306 nanciscor.
1047 2231 1235 2326 Perpauca
1247 2229 1389 2326 reperio
1410 2253 1491 2325 quae
1510 2241 1579 2301 stu·

187 2351 300 2426 diosis
325 2353 385 2426 vel
410 2354 600 2427 minimum
634 2355 822 2429 obstaculo
853 2355 925 2428 sint
952 2355 999 2428 ab
1028 2354 1072 2427 iis
1107 2352 1271 2450 profecta
1301 2349 1451 2442 menda3
1485 2374 1581 2422 com-

188 2471 372 2546 mendatio
395 2497 480 2546 sane
505 2472 605 2546 haud
626 2474 769 2570 exigua,
796 2497 907 2569 quum
935 2471 1022 2546 fidei
1048 2495 1172 2545 eorum
1200 2483 1238 2544 et
1262 2470 1400 2566 peritiae
1426 2469 1582 2566 plurima

188 2589 403 2665 schedarum
421 2592 588 2666 tractatio
607 2591 726 2680 suerit,
744 2617 802 2666 me
820 2592 896 2664 ruri
914 2589 1079 2688 degente,
1097 2589 1296 2663 commissa.
1349 2587 1481 2664 Cetera
1498 2603 1582 2660 sunt

187 2735 270 2808 quae
287 2723 349 2784 aut
366 2710 502 2785 incuria
516 2709 635 2808 fudit,
661 2724 723 2784 aut
747 2712 902 2783 hunuano
921 2733 1057 2807 parurn
1081 2705 1172 2782 eavit
1194 2717 1338 2798 natura,
1356 2729 1509 2801 quorum
1536 2707 1582 2778 ab

187 2832 354 2931 ingenuis
372 2829 611 2928 humanisque
630 2831 898 2905 excusationem
917 2827 1040 2902 adfore
1059 2851 1174 2924 spero.

263 2957 307 3028 In
325 2980 357 3052 p.
371 2957 431 3029 30.
452 2955 642 3028 minuscul.
661 2979 696 3028 r.
716 2957 750 3026 3.
772 2978 839 3052 pro
856 2949 901 3045 τῆ
919 2953 1000 3052 lege
1018 2947 1076 3050 τῇ.
1107 2954 1152 3025 Iu
1164 2976 1198 3050 p.
1214 2953 1274 3024 32.
1288 2950 1480 3024 minuscul.
1495 2977 1527 3022 v.
1543 2955 1578 3024 2.

187 3105 254 3178 pro
272 3080 409 3178 relege
423 3068 479 3151 τὸ.
532 3081 577 3150 Iu
594 3104 626 3176 p.
639 3081 696 3152 39.
708 3079 859 3152 minusc.
878 3103 911 3150 v.
926 3081 957 3151 7.
978 3091 1059 3176 post
1075 3065 1372 3174 πρωτευσάντων
1382 3077 1500 3150 insere
1514 3077 1578 3174 (‚).

188 3203 234 3274 In
251 3225 286 3297 p.
302 3203 361 3273 46.
381 3212 453 3272 not.
471 3196 494 3271 l.
514 3223 548 3270 u.
562 3201 594 3271 4.
614 3223 680 3296 pro
698 3209 717 3238 “
731 3196 1025 3295 Theophrastan''
1039 3199 1119 3294 lege
1138 3209 1156 3238 “
1170 3195 1400 3292 Theophrast
1417 3197 1491 3268 an.''
1535 3200 1579 3269 In

187 3347 225 3420 p.
246 3324 305 3394 72.
324 3334 397 3393 not.
407 3345 448 3420 p.
468 3344 501 3392 v,
516 3321 548 3392 6.
567 3344 634 3416 pro
653 3330 671 3359 ‘⁸
689 3317 900 3392 affirmarit.''
919 3319 998 3417 lege
1017 3328 1035 3358 “
1050 3315 1248 3390 adfirmarit
1260 3315 1294 3388 ?'’
1335 3317 1378 3388 Iu
1396 3341 1428 3413 p.
1442 3318 1499 3389 87.
1518 3320 1578 3390 rni-

187 3445 328 3519 nuscul.
347 3471 380 3517 v.
397 3447 430 3518 5.
450 3457 531 3541 post
548 3437 725 3521 Οῠείλιος
742 3433 907 3540 6010’(,).
979 3469 1003 3514 n
1021 3467 1056 3540 p.
1073 3445 1156 3516 104.
1174 3454 1247 3515 uot.
1263 3441 1294 3514 6.
1314 3466 1345 3513 v.
1359 3444 1393 3514 6.
1412 3467 1478 3538 pro
1495 3431 1579 3515 τότε

187 3572 269 3669 lege
280 3559 324 3644 τό
337 3597 389 3642 τε.
410 3573 454 3644 In
464 3595 498 3668 p.
510 3571 590 3644 109.
601 3572 753 3667 v.l.pro
766 3568 1015 3644 “Laodiceno''
1026 3569 1106 3666 lege
1114 3578 1132 3609 “
1143 3566 1376 3642 Laodiceno.''
1400 3569 1578 3665 Inpltt.

188 3713 221 3762 v.
233 3691 269 3762 4.
291 3712 358 3785 pro
372 3697 391 3728 “
405 3687 543 3764 00001.η
555 3699 592 3760 et
609 3687 839 3762 “coctum''
852 3688 933 3785 lege
947 3688 1153 3784 singillatim
1165 3697 1183 3727 “
1196 3686 1313 3763 0001..η
1324 3700 1362 3761 et
1375 3697 1393 3727 ‘⁶
1405 3689 1578 3763 cecuxv.”

188 3809 233 3882 In
256 3833 291 3906 p.
309 3810 390 3882 133.
409 3833 444 3880 v.
464 3809 523 3880 26.
546 3831 613 3906 pro
631 3812 651 3848 “
670 3807 844 3884 ccccxx.''
869 3809 950 3907 lege
968 3817 987 3849 ‘⁶
1005 3807 1194 3884 00001101.υ
1246 3809 1290 3880 Iu
1310 3833 1343 3906 p.
1361 3811 1440 3881 134.
1462 3833 1495 3880 v.
1518 3813 1574 3883 10.

189 3953 254 4025 pro
283 3929 447 4012 Diffi}
470 3927 550 4025 lege
578 3929 745 4026 ΕέιΤἚ.
796 3930 841 4002 In
865 3953 898 4028 p.
919 3931 1002 4002 147.
1026 3931 1061 4002 2.
1091 3941 1174 4026 post
1200 3929 1496 4003 “sruxianum’'
1523 3930 1574 4002 in-

190 4071 267 4122 sere
290 4045 436 4121 “Sedes
457 4047 614 4144 antiqua,
639 4043 857 4122 Pauoreff’
920 4048 965 4120 In
992 4071 1027 4144 p.
1052 4049 1134 4120 149.
1159 4073 1192 4121 v.
1218 4051 1251 4120 7.
1275 4073 1340 4146 pro
1364 4061 1382 4088 ‘⁸
1398 4051 1575 4124 ccccxx.’'
