3918 5240
103 544 424 630 mmmm]
560 541 790 610 casuras
812 539 1005 608 rorans.
1388 543 1477 618 ,131

103 727 206 802 dubio
230 739 288 802 est
312 725 466 824 losephi
493 737 531 800 et
556 723 613 800 all.
640 721 824 814 Pansam,
848 745 962 820 prope
992 720 1091 819 quod
1114 723 1346 822 Augusteum
1373 749 1477 798 suum

103 849 212 922 erexit
227 847 397 922 Herodes
414 849 443 921 I.

167 969 369 1042 Donarium
393 965 511 1040 adfert
534 965 681 1062 quidam
701 963 973 1063 (Flavianusi),
991 963 1156 1040 sacerdos
1173 964 1293 1059 Panis,
1309 965 1479 1038 nimirum

102 1085 247 1184 effigiem
271 1086 437 1160 Nemesis
467 1085 527 1160 cui
556 1083 724 1158 cellulam
751 1085 790 1156 in
816 1107 907 1182 rupe
930 1083 1159 1158 incidendam
1186 1097 1384 1172 curaverat,
1412 1095 1478 1158 etc.

103 1205 217 1305 Caput
246 1207 345 1281 tituli
378 1217 434 1280 est
468 1205 625 1280 solennis
651 1203 807 1284 formula
833 1204 1050 1303 precationis
1079 1229 1146 1302 pro
1183 1205 1297 1279 salute
1323 1207 1479 1302 111111511-

101 1337 225 1400 torum.
271 1325 312 1402 si
329 1327 410 1422 quis
428 1325 630 1400 sciscitetur
647 1323 794 1422 quinam
806 1323 952 1410 fuerint,
964 1349 1102 1424 repono
1113 1327 1358 1422 conjecturam
1374 1349 1479 1424 posse

102 1446 174 1542 capi
191 1470 241 1519 ex
257 1447 404 1519 nomine
423 1443 560 1521 Valent
577 1446 615 1518 in
632 1471 666 1518 v,
686 1448 718 1519 3.
737 1444 783 1519 de
796 1443 1025 1519 Diocletiano
1043 1457 1080 1518 et
1094 1445 1256 1546 Conlega
1276 1447 1365 1542 ejus.
1420 1445 1479 1522 Se·

102 1568 254 1644 cundum
271 1569 366 1644 hanc
382 1569 517 1644 inserui
534 1557 764 1670 pictaviensisc
788 1569 827 1642 in
852 1569 1001 1643 minusc.
1024 1581 1107 1667 post
1131 1574 1405 1646 ΟΥΑΛΕΡΙΟΟ
1432 1570 1480 1643 ob

102 1713 301 1786 prenomen
319 1689 533 1765 Constantio
550 1691 578 1762 Ι.
596 1689 818 1762 attributum.

171 1808 298 1884 Edidit
314 1810 451 1883 Franz.¹
469 1833 518 1882 ex
544 1807 686 1883 schedis
706 1807 960 1896 Seetzenianis,
978 1807 1111 1881 collato
1128 1807 1327 1906 exemplari
1344 1808 1480 1883 Burck·

102 1927 239 2003 hardtii.
291 1929 476 2002 Deficiunt
492 1929 649 2003 maxime
666 1929 705 2001 in
722 1927 782 2001 fin.
801 1953 835 2000 v.
850 1931 885 2000 4.
903 1927 969 2001 ubi
984 1927 1147 2002 referunt
1166 1934 1336 2003 ΙΟΙΛΑΝ.
1387 1931 1479 2004 Ι115.

103 2041 174 2113 init
192 2046 448 2136 OElCHl'lOl’,
465 2053 503 2115 et
518 2042 557 2114 in
574 2052 665 2115 extr.
683 2045 859 2114 ΑΥΤΗΟ.
912 2041 957 2112 In
975 2041 1008 2112 6.
1024 2040 1103 2113 obv.
1120 2047 1479 2117 ΝΚΕΜΩΟΙΔΗΡΩ.

103 2159 238 2235 Addita
259 2163 297 2234 in
314 2186 348 2234 v.
370 2165 401 2234 7.
421 2160 574 2236 evanida
590 2160 755 2256 quaedam
778 2182 887 2233 cerno
909 2183 958 2232 ex
984 2159 1116 2255 quibus
1143 2160 1235 2233 nihil
1256 2162 1335 2235 erui
1352 2175 1481 2259 potest,

103 2303 215 2376 neque
231 2283 406 2380 conspexi
422 2283 499 2382 ipse
517 2282 737 2380 perlustrans
753 2281 1024 2354 monimentum.

172 2407 385 2506 Designatio
410 2400 533 2505 Kopia
556 2408 596 2482 in
611 2432 646 2480 v,
664 2409 700 2480 4.
719 2405 876 2479 solennis
894 2407 975 2477 estu.
1032 2402 1177 2477 Dicitur
1203 2409 1414 2478 ΝΕΜΕΟΙΝ
1442 2417 1484 2478 ut

106 2524 533 2598 neomeniarum
551 2549 585 2597 n.
596 2545 685 2600 cvm
704 2533 742 2597 et
761 2529 943 2596 εΡΩΤΑΣ
958 2521 1043 2594 ibid
1063 2543 1243 2597 caxxxm.
1277 2523 1322 2596 In
1334 2547 1397 2596 vv.
1408 2526 1442 2610 4,
1457 2549 1482 2597 s.

105 2641 208 2742 κοίλη
227 2641 347 2745 πέτρα
363 2661 418 2723 est
433 2649 566 2722 cellula
581 2649 620 2721 in
637 2659 741 2722 antro
758 2647 804 2720 ad
822 2646 1077 2744 excipiendum
1097 2647 1239 2745 signum
1262 2647 1384 2736 incisa,
1402 2673 1484 2746 qua

105 2771 184 2846 alibi
210 2761 330 2871 κόγχη
356 2773 556 2872 appellatur
588 2785 736 2872 propter
770 2770 1041 2845 similitudinem
1068 2771 1261 2867 quamdam
1288 2773 1366 2870 ejus
1400 2797 1484 2848 cum

104 2891 246 2968 conchae
268 2893 416 2968 marinae
441 2893 569 2992 specie.
631 2889 884 2992 Hemicyclium
907 2892 1167 2990 interpretatur
1186 2892 1329 2966 Franz.v
1382 2895 1483 2968 1115.

105 3007 217 3110 σηκὸς
233 3030 290 3092 est
305 3016 503 3094 sacrarium
519 3017 579 3092 vel
596 3020 760 3117 adytum:
782 3041 806 3090 a
822 3013 944 3091 striae.
996 3018 1085 3090 Erat
1105 3017 1207 3092 locus
1223 3018 1262 3091 in
1275 3019 1396 3093 Peneo
1421 3022 1486 3094 ubi

105 3137 298 3234 repositum
313 3136 432 3211 fuerat
448 3136 667 3211 donarinm'.
720 3139 765 3212 In
783 3138 814 3211 6.
828 3135 978 3234 insignis
996 3149 1051 3209 est
1066 3137 1203 3211 mentio
1221 3137 1403 3226 Archelai,
1421 3139 1486 3213 filii

106 3255 260 3330 Herodis
273 3257 302 3330 1.
321 3258 385 3353 qui
401 3257 611 3333 Ethnarcha
625 3257 696 3333 fuit
708 3255 849 3332 Judaeae
860 3269 942 3354 post
954 3256 1093 3329 obitum
1110 3257 1247 3354 patris¹.
1279 3258 1486 3332 Verisimile

141 3522 247 3582 ⁸00ns.
257 3521 311 3582 loo
322 3523 477 3582 Eusebium
486 3525 519 3584 in
532 3534 602 3584 nota
612 3545 770 3604 pragrassa
818 3523 911 3599 hujus
923 3523 956 3581 in
969 3523 1114 3582 tractibus
1127 3523 1182 3582 ubi
1194 3540 1273 3580 nunc
1282 3539 1433 3580 versamur
1443 3523 1487 3580 in-

105 3619 232 3680 citatum.
285 3621 322 3679 In
342 3622 495 3682 BallJud.
513 3641 532 3682 1.
552 3628 642 3684 21.3.
664 3644 769 3702 agrum
817 3622 952 3682 valuisse.

106 3719 209 3796 templo
227 3719 360 3780 vicinum
374 3715 600 3782 vooat'Paaeum
613 3723 767 3801 Josephns,
857 3734 868 3758 '
883 3723 965 3784 conti
978 3732 1041 3782 not.
1055 3723 1091 3781 ad
1101 3721 1182 3780 titul.
1197 3718 1283 3782 4556.
1297 3739 1335 3780 ex
1349 3721 1488 3782 Richtero

106 3829 134 3876 et
154 3839 305 3882 cavernam
326 3822 419 3900 ipsam
438 3823 470 3882 in
482 3823 597 3902 Amrpq.
611 3843 661 3884 xv.
684 3829 729 3886 10.
743 3827 771 3885 3
818 3835 850 3887 et
867 3827 987 3886 Miilleri
995 3823 1287 3902 Arsippdmr'oclem.
1326 3823 1437 3882 Vocem
1456 3825 1488 3882 in

107 3927 177 3978 extr.
817 3933 918 3986 nostro
931 3926 1066 4003 quesivit
1076 3925 1125 3983 vir
1137 3923 1281 3993 eruditus,
1295 3923 1378 4000 atqui
1395 3923 1490 3984 inrito

142 4015 224 4076 ‘Ubi
246 4035 345 4094 snpra
369 4037 399 4095 p.
419 4021 486 4078 244.
505 4039 533 4078 n.
547 4019 635 4084 4537.
675 4020 771 4080 Locus
818 4024 924 4103 lapide.

108 4113 301 4174 Burokhardt
314 4118 403 4175 estin
417 4117 483 4176 Ilia
497 4117 563 4194 Syr.
576 4139 605 4196 p.
616 4121 664 4184 39.
857 4122 965 4182 'Confi
974 4121 1092 4180 Fascn.
1106 4139 1134 4198 p.
1145 4122 1251 4180 aanor
1261 4119 1431 4180 cdnctvn.
1444 4123 1489 4186 19.

144 4213 252 4272 'Confi
262 4215 384 4274 Eekhel.
395 4232 425 4274 11.
438 4219 579 4292 1155311.
601 4218 771 4276 Constatex
819 4240 848 4299 p.
862 4220 929 4286 370.

109 4309 204 4372 eodm
216 4315 275 4390 (ru.
288 4331 317 4390 p.
326 4311 446 4392 stab.)
459 4316 627 4394 rdigionem
640 4317 770 4376 numinis
859 4327 871 4353 ¹
885 4318 968 4380 eont.
978 4317 1031 4378 SS.
1041 4317 1148 4378 Mattb.
1159 4335 1189 4376 11
1199 4321 1246 4376 22
1257 4334 1323 4376 xvi.
1334 4321 1378 4378 13.
1399 4317 1488 4376 Mare
