4028 5258
139 447 476 537 menaechmus]
573 447 579 454 '

537 821 719 898 CDXIV.
746 821 780 894 b.
933 819 1114 896 CDXIV.
1141 845 1170 894 c.

227 1029 293 1104 Ad
308 1029 511 1129 fragmenta
527 1028 662 1104 accedo
679 1053 762 1125 quae
779 1029 825 1102 ab
843 1027 976 1126 angulo
994 1027 1266 1124 septentrionali
1288 1025 1451 1124 ejusdem
1469 1049 1548 1126 pro·

142 1149 262 1248 pylaei
278 1150 454 1248 disposita
469 1149 624 1224 invicem
643 1149 886 1248 excipiebant.
937 1147 1038 1222 Hinc
1056 1148 1147 1221 serie
1164 1148 1337 1222 continua
1349 1173 1432 1222 cum
1451 1161 1547 1221 ante·

141 1281 263 1343 eunte
276 1267 465 1368 jungenda
478 1267 642 1342 arbitrati
663 1281 748 1342 sunt
758 1265 1040 1354 Edmonstonus,
1059 1279 1096 1340 et
1111 1267 1319 1343 Cailliaudii
1333 1267 1547 1366 apographis

141 1413 242 1463 usus
257 1389 490 1476 Letronnius,
508 1401 662 1492 notante
674 1389 754 1462 viro
765 1387 873 1462 docto
887 1419 896 1476 3
914 1386 973 1462 Eo
984 1387 1072 1464 rade
1086 1389 1130 1464 de
1145 1389 1259 1464 demet
1272 1391 1404 1478 (nostr.
1419 1411 1546 1464 ooxrv.

143 1509 203 1606 a.)
223 1509 377 1609 sormoit
391 1536 458 1586 aaa
473 1524 573 1586 autre
588 1508 732 1598 colonae,
756 1511 841 1584 dont
856 1507 885 1582 il
898 1533 940 1584 ne
955 1521 1041 1584 resta
1053 1507 1136 1608 plna
1152 1534 1216 1608 qua
1232 1507 1261 1583 le
1276 1519 1550 1582 comnwncament

143 1633 211 1708 des
225 1633 340 1733 tanes,
354 1648 410 1710 etc.
461 1633 551 1708 Ideo
571 1634 610 1708 in
627 1633 840 1708 minusculis
855 1635 928 1708 suis
941 1635 1049 1732 plene
1066 1635 1336 1734 interpungitur
1348 1647 1430 1733 post
1448 1629 1548 1727 διορ-

145 1749 326 1850 θώσομαι
350 1758 389 1831 in
413 1783 446 1831 v.
474 1759 533 1832 37.
561 1771 599 1832 et
623 1757 789 1856 procedit
814 1759 989 1854 clausula,
1005 1749 1167 1851 Ὁμοίως
1187 1749 1227 1831 δὲ
1246 1749 1434 1851 βούλομαι
1455 1785 1489 1829 κ.
1509 1759 1547 1827 λ.

144 1876 325 1951 Frustula
348 1877 427 1974 ipse
452 1877 491 1950 in
516 1879 642 1977 primis
659 1880 811 1954 tractavi
829 1894 1013 1976 tamquam
1032 1879 1249 1954 abinvicem
1268 1893 1306 1953 et
1322 1879 1430 1953 titulo
1446 1901 1549 1976 gran·

146 2000 256 2075 diore
275 2024 435 2074 seorsum
452 2001 570 2098 posita
594 2011 703 2097 atque
729 2000 775 2073 ad
801 2000 981 2076 diversam
999 2002 1185 2075 materiam
1205 2001 1422 2099 spectantia:
1451 2022 1548 2071 nunc

146 2145 241 2196 vero
258 2119 305 2194 ad
323 2119 474 2194 schedas
490 2145 658 2195 reversus
674 2121 957 2220 peritissimique
974 2122 1012 2196 in
1030 2121 1159 2196 litteris
1173 2121 1415 2219 epigraphicis
1428 2129 1547 2193 aucto-

145 2241 259 2316 ritate
277 2254 397 2315 motus
414 2241 591 2338 optimum
616 2239 716 2316 factu
737 2241 903 2339 judicavi
929 2241 1087 2318 eundem
1104 2267 1188 2316 oum
1205 2243 1269 2317 illo
1288 2253 1449 2316 tenorem
1467 2264 1549 2312 con·

147 2386 309 2436 servare.

228 2483 380 2556 Litterae
396 2506 499 2581 paene
517 2505 644 2555 omnes
665 2482 704 2554 in
728 2483 903 2557 ambobus
929 2481 976 2556 ad
1002 2481 1168 2558 dextram
1195 2495 1332 2580 partem
1359 2481 1549 2578 insculptae

147 2603 370 2678 effluxerant
394 2628 443 2676 ex
469 2603 701 2690 monimento,
720 2629 874 2700 quarum
891 2605 956 2678 vix
982 2629 1091 2680 unam
1116 2615 1154 2677 et
1178 2603 1327 2676 alteram
1345 2601 1549 2676 discernere

147 2726 267 2828 potui,
293 2723 333 2796 id
349 2723 449 2821 quod
467 2723 567 2821 operi
594 2724 834 2798 describentis
851 2725 890 2796 in
908 2749 1017 2798 sensu
1034 2723 1157 2819 aliquo
1175 2723 1348 2797 continuo
1365 2723 1549 2796 exarando

148 2845 382 2944 potissimum
411 2844 587 2918 obstabat.
652 2845 832 2938 Quoniam
859 2867 948 2918 vero
976 2869 1024 2918 ex
1053 2843 1198 2916 indiciis
1227 2868 1309 2939 quas
1342 2855 1479 2916 restant
1511 2843 1549 2915 in

146 2965 356 3065 fragmento
385 2963 569 3062 superiore
597 2965 842 3062 colligendum
868 2963 1015 3038 videtur
1042 2987 1244 3037 sermonem
1268 2988 1346 3037 esse
1374 2963 1420 3036 de
1447 2947 1550 3037 sacri·

148 3087 245 3186 legis
263 3083 480 3182 quibusdam
507 3083 570 3180 qui
596 3085 764 3182 injuriam
795 3085 933 3160 aedibus
964 3084 1074 3157 sacris
1103 3083 1310 3170 intulerant,
1336 3109 1476 3182 nempe,
1503 3083 1549 3157 de

149 3205 327 3280 audacter
344 3213 485 3302 patrato
501 3201 661 3276 facinore
675 3203 836 3301 (4-11.),
854 3205 970 3278 multa
985 3216 1136 3304 propter
1152 3203 1192 3277 id
1209 3204 1347 3278 indicta
1361 3207 1550 3307 (lale),

149 3323 285 3400 litteris
299 3322 345 3397 ad
359 3336 535 3422 strategos
554 3323 599 3397 de
617 3323 801 3419 injuriosis
819 3323 1036 3420 quibusdam
1055 3323 1184 3418 missis,
1202 3349 1246 3398 eo
1263 3323 1334 3398 fine
1352 3337 1394 3398 ut
1409 3324 1550 3400 facilius

150 3442 516 3543 deprehenderentur
535 3441 724 3542 (lo-la),
739 3444 892 3520 subinde
909 3443 1080 3518 mandato
1094 3443 1236 3542 adjecto
1249 3445 1295 3519 de
1313 3471 1417 3544 poena
1430 3449 1551 3521 Nomi-

151 3707 301 3788 Equidem
314 3709 351 3768 da
363 3709 543 3787 proprietate
556 3708 656 3767 Attica
673 3709 829 3768 dubitandi
878 3707 920 3786 6.)
936 3709 1049 3769 Gallim.
1063 3711 1154 3768 Dian.
1171 3712 1214 3767 l2.
1255 3710 1284 3768 S.
1306 3709 1373 3770 Joh
1383 3711 1495 3788 Evoap.
1511 3729 1550 3772 ιν.

150 3810 340 3879 locusestat
352 3808 433 3866 inter
445 3809 629 3878 recentiores,
644 3809 829 3885 potissimum
879 3813 927 3870 34.
943 3827 983 3868 vr.
999 3813 1046 3876 29.
1066 3825 1119 3867 vu.
1142 3813 1189 3875 29.
1210 3809 1302 3884 Epor.
1323 3827 1342 3868 1.
1364 3814 1391 3870 4.
1409 3810 1462 3882 17,
1484 3832 1549 3872 noc.

151 3927 259 3976 sacros,
273 3925 320 3966 res
330 3907 400 3964 satis
414 3915 536 3992 constat
564 3907 828 3992 ConfertGlassius
877 3929 936 3969 nou
949 3909 1040 3985 Epist.
1057 3910 1098 3967 aa
1119 3908 1274 3970 Gor-latha
1295 3911 1322 3968 4.
1342 3914 1378 3978 3.,
1397 3930 1461 3986 que
1482 3931 1551 3970 vero

152 4005 365 4088 (Philotsacr.
387 4005 440 4064 Ed
456 4005 543 4064 Dath.
557 4023 576 4065 1.
591 4011 619 4066 5.
637 4005 706 4066 (raa
721 4009 749 4066 8.
764 4007 828 4086 fin.)
878 4007 965 4096 plura
983 4026 1001 4064 a
1016 4026 1048 4065 re
1071 4005 1165 4098 aliena
1185 4025 1293 4064 censeo.
1334 4007 1392 4066 Sed
1405 4009 1436 4066 in
1450 4019 1551 4070 nostro

152 4107 181 4168 S.
197 4106 305 4168 «lobon.
318 4105 431 4180 Evam.
447 4122 510 4163 xva
522 4109 548 4164 2.
564 4108 610 4165 32.
630 4106 721 4182 Epist
733 4123 775 4164 111.
789 4109 827 4176 4.,
878 4106 988 4165 nomini
1001 4105 1149 4182 ambigere
1162 4104 1261 4174 datur,
1276 4125 1369 4182 quum
1384 4107 1470 4166 lectio
1483 4128 1552 4168 vera

152 4209 332 4286 quibuscum
351 4205 456 4283 jungit
474 4205 658 4265 schleusner.
677 4200 828 4286 (in‘'1m,§
878 4207 982 4284 procul
995 4206 1086 4272 dubio
1099 4207 1139 4264 sit
1152 4203 1325 4286 leuctris-,aaa

815 4305 904 4368 2s2
