<?xml version="1.0" encoding="UTF-8"?>
<!DOCTYPE html PUBLIC "-//W3C//DTD XHTML 1.0 Transitional//EN"
    "http://www.w3.org/TR/xhtml1/DTD/xhtml1-transitional.dtd">
<html xmlns="http://www.w3.org/1999/xhtml" xml:lang="en" lang="en">
 <head>
  <title>
</title>
<meta http-equiv="Content-Type" content="text/html;charset=utf-8" />
  <meta name='ocr-system' content='tesseract 3.04.00' />
  <meta name='ocr-capabilities' content='ocr_page ocr_carea ocr_par ocr_line ocrx_word'/>
</head>
<body>
  <div class='ocr_page' id='page_1' title='image "./fasciculusinscr02kenngoog_0104.png"; bbox 0 0 3918 5240; ppageno 0'>
   <div class='ocr_carea' id='block_1_1' title="bbox 110 547 1491 636">
    <p class='ocr_par' dir='ltr' id='par_1_1' title="bbox 110 547 1491 636">
     <span class='ocr_line' id='line_1_1' title="bbox 110 547 1491 636; baseline -0.001 -21"><span class='ocrx_word' id='word_1_1' title='bbox 110 571 208 615; x_wconf 77' lang='lat' dir='ltr'>rusca.</span> <span class='ocrx_word' id='word_1_2' title='bbox 220 569 351 615; x_wconf 84' lang='lat' dir='ltr'>cccxrrr.</span> <span class='ocrx_word' id='word_1_3' title='bbox 363 547 504 636; x_wconf 72' lang='lat' dir='ltr'>cccxiv]</span> <span class='ocrx_word' id='word_1_4' title='bbox 692 548 929 616; x_wconf 83' lang='lat' dir='ltr'><strong>XANTHUS.</strong></span> <span class='ocrx_word' id='word_1_5' title='bbox 1450 549 1491 614; x_wconf 86' lang='grc'>97</span> 
     </span>
    </p>
   </div>
   <div class='ocr_carea' id='block_1_2' title="bbox 110 739 1492 956">
    <p class='ocr_par' dir='ltr' id='par_1_2' title="bbox 110 739 1492 956">
     <span class='ocr_line' id='line_1_2' title="bbox 110 739 1492 840; baseline -0.003 -24"><span class='ocrx_word' id='word_1_6' title='bbox 110 742 245 840; x_wconf 83' lang='lat' dir='ltr'>Populo</span> <span class='ocrx_word' id='word_1_7' title='bbox 269 739 527 824; x_wconf 76' lang='lat' dir='ltr'>Xanthiorum.</span> <span class='ocrx_word' id='word_1_8' title='bbox 553 765 698 838; x_wconf 88' lang='lat' dir='ltr'>operam</span> <span class='ocrx_word' id='word_1_9' title='bbox 727 755 943 840; x_wconf 77' lang='lat' dir='ltr'>procurante</span> <span class='ocrx_word' id='word_1_10' title='bbox 972 742 1093 840; x_wconf 85' lang='lat' dir='ltr'>legato</span> <span class='ocrx_word' id='word_1_11' title='bbox 1126 754 1346 840; x_wconf 74' lang='lat' dir='ltr'>propraetore</span> <span class='ocrx_word' id='word_1_12' title='bbox 1377 741 1492 816; x_wconf 84' lang='lat' dir='ltr'>Sexto</span> 
     </span>
     <span class='ocr_line' id='line_1_3' title="bbox 110 857 1492 956; baseline -0.004 -21"><span class='ocrx_word' id='word_1_13' title='bbox 110 863 243 936; x_wconf 84' lang='lat' dir='ltr'>Marcio</span> <span class='ocrx_word' id='word_1_14' title='bbox 259 861 396 945; x_wconf 72' lang='lat' dir='ltr'>Priscu</span> <span class='ocrx_word' id='word_1_15' title='bbox 414 872 451 932; x_wconf 89' lang='lat' dir='ltr'>et</span> <span class='ocrx_word' id='word_1_16' title='bbox 477 858 522 932; x_wconf 91' lang='lat' dir='ltr'>ad</span> <span class='ocrx_word' id='word_1_17' title='bbox 545 857 654 932; x_wconf 89' lang='lat' dir='ltr'>finem</span> <span class='ocrx_word' id='word_1_18' title='bbox 681 858 903 956; x_wconf 83' lang='lat' dir='ltr'>perducente</span> <span class='ocrx_word' id='word_1_19' title='bbox 925 858 1081 956; x_wconf 88' lang='lat' dir='ltr'>quodam</span> <span class='ocrx_word' id='word_1_20' title='bbox 1105 859 1217 932; x_wconf 86' lang='lat' dir='ltr'>altero</span> <span class='ocrx_word' id='word_1_21' title='bbox 1235 859 1339 955; x_wconf 86' lang='lat' dir='ltr'>cujus</span> <span class='ocrx_word' id='word_1_22' title='bbox 1360 882 1492 930; x_wconf 89' lang='lat' dir='ltr'>nomen</span> 
     </span>
    </p>
   </div>
   <div class='ocr_carea' id='block_1_3' title="bbox 109 983 1501 2894">
    <p class='ocr_par' dir='ltr' id='par_1_3' title="bbox 110 983 252 1056">
     <span class='ocr_line' id='line_1_4' title="bbox 110 983 252 1056; baseline 0 -2"><span class='ocrx_word' id='word_1_23' title='bbox 110 983 252 1056; x_wconf 83' lang='lat' dir='ltr'>excidit.</span> 
     </span>
    </p>

    <p class='ocr_par' dir='ltr' id='par_1_4' title="bbox 109 1099 1501 2413">
     <span class='ocr_line' id='line_1_5' title="bbox 154 1099 1494 1190; baseline -0.001 -16"><span class='ocrx_word' id='word_1_24' title='bbox 154 1101 280 1174; x_wconf 83' lang='lat' dir='ltr'>Edidit</span> <span class='ocrx_word' id='word_1_25' title='bbox 308 1099 407 1174; x_wconf 92' lang='lat' dir='ltr'>hunc</span> <span class='ocrx_word' id='word_1_26' title='bbox 437 1100 580 1174; x_wconf 87' lang='lat' dir='ltr'>titulum</span> <span class='ocrx_word' id='word_1_27' title='bbox 610 1101 834 1190; x_wconf 81' lang='lat' dir='ltr'>Feilowsius‚</span> <span class='ocrx_word' id='word_1_28' title='bbox 862 1127 909 1174; x_wconf 86' lang='lat' dir='ltr'>ex</span> <span class='ocrx_word' id='word_1_29' title='bbox 943 1101 1007 1174; x_wconf 91' lang='lat' dir='ltr'>illo</span> <span class='ocrx_word' id='word_1_30' title='bbox 1036 1101 1234 1174; x_wconf 80' lang='lat' dir='ltr'>Franzius⁰.</span> <span class='ocrx_word' id='word_1_31' title='bbox 1301 1101 1494 1174; x_wconf 82' lang='lat' dir='ltr'>Lectiones</span> 
     </span>
     <span class='ocr_line' id='line_1_6' title="bbox 109 1221 1494 1319; baseline 0 -23"><span class='ocrx_word' id='word_1_32' title='bbox 109 1223 277 1318; x_wconf 84' lang='lat' dir='ltr'>quasdam</span> <span class='ocrx_word' id='word_1_33' title='bbox 306 1221 412 1295; x_wconf 87' lang='lat' dir='ltr'>valde</span> <span class='ocrx_word' id='word_1_34' title='bbox 438 1221 650 1319; x_wconf 86' lang='lat' dir='ltr'>depravatas</span> <span class='ocrx_word' id='word_1_35' title='bbox 674 1223 792 1296; x_wconf 86' lang='lat' dir='ltr'>video.</span> <span class='ocrx_word' id='word_1_36' title='bbox 845 1225 890 1296; x_wconf 95' lang='lat' dir='ltr'>In</span> <span class='ocrx_word' id='word_1_37' title='bbox 917 1249 950 1297; x_wconf 87' lang='lat' dir='ltr'>v.</span> <span class='ocrx_word' id='word_1_38' title='bbox 973 1228 1005 1296; x_wconf 89' lang='lat'>1.</span> <span class='ocrx_word' id='word_1_39' title='bbox 1024 1225 1108 1296; x_wconf 91' lang='lat' dir='ltr'>obv.</span> <span class='ocrx_word' id='word_1_40' title='bbox 1135 1227 1236 1297; x_wconf 92' lang='grc' dir='ltr'>ΟΥΗ</span> <span class='ocrx_word' id='word_1_41' title='bbox 1266 1230 1297 1297; x_wconf 86' lang='grc' dir='ltr'><strong>Π</strong></span> <span class='ocrx_word' id='word_1_42' title='bbox 1326 1229 1390 1296; x_wconf 88' lang='grc' dir='ltr'>ΝΣ</span> <span class='ocrx_word' id='word_1_43' title='bbox 1413 1229 1494 1316; x_wconf 70' lang='lat' dir='ltr'>Tu„</span> 
     </span>
     <span class='ocr_line' id='line_1_7' title="bbox 109 1341 1495 1440; baseline 0 -26"><span class='ocrx_word' id='word_1_44' title='bbox 109 1367 184 1438; x_wconf 84' lang='lat' dir='ltr'>quae</span> <span class='ocrx_word' id='word_1_45' title='bbox 202 1345 380 1416; x_wconf 86' lang='lat' dir='ltr'>intentata</span> <span class='ocrx_word' id='word_1_46' title='bbox 395 1341 504 1438; x_wconf 82' lang='lat' dir='ltr'>liquit</span> <span class='ocrx_word' id='word_1_47' title='bbox 521 1341 639 1415; x_wconf 83' lang='lat' dir='ltr'>editor</span> <span class='ocrx_word' id='word_1_48' title='bbox 651 1343 910 1416; x_wconf 88' lang='lat' dir='ltr'>Fellowsianus</span> <span class='ocrx_word' id='word_1_49' title='bbox 927 1343 996 1416; x_wconf 89' lang='lat' dir='ltr'>etsi</span> <span class='ocrx_word' id='word_1_50' title='bbox 1012 1366 1099 1416; x_wconf 89' lang='lat' dir='ltr'>vera</span> <span class='ocrx_word' id='word_1_51' title='bbox 1115 1344 1364 1440; x_wconf 85' lang='lat' dir='ltr'>supplementa</span> <span class='ocrx_word' id='word_1_52' title='bbox 1376 1343 1495 1416; x_wconf 83' lang='lat' dir='ltr'>statim</span> 
     </span>
     <span class='ocr_line' id='line_1_8' title="bbox 109 1462 1497 1560; baseline 0 -24"><span class='ocrx_word' id='word_1_53' title='bbox 109 1463 254 1537; x_wconf 86' lang='lat' dir='ltr'>edoceat</span> <span class='ocrx_word' id='word_1_54' title='bbox 279 1463 407 1536; x_wconf 84' lang='lat' dir='ltr'>titulus</span> <span class='ocrx_word' id='word_1_55' title='bbox 432 1463 627 1558; x_wconf 86' lang='lat' dir='ltr'>insequens</span> <span class='ocrx_word' id='word_1_56' title='bbox 653 1463 717 1559; x_wconf 93' lang='lat' dir='ltr'>qui</span> <span class='ocrx_word' id='word_1_57' title='bbox 742 1465 780 1536; x_wconf 91' lang='lat' dir='ltr'>in</span> <span class='ocrx_word' id='word_1_58' title='bbox 804 1464 938 1536; x_wconf 89' lang='lat' dir='ltr'>vicinia</span> <span class='ocrx_word' id='word_1_59' title='bbox 958 1464 1113 1560; x_wconf 86' lang='lat' dir='ltr'>jacebat.</span> <span class='ocrx_word' id='word_1_60' title='bbox 1168 1462 1375 1538; x_wconf 86' lang='lat' dir='ltr'>Secundum</span> <span class='ocrx_word' id='word_1_61' title='bbox 1398 1463 1497 1536; x_wconf 89' lang='lat' dir='ltr'>hunc</span> 
     </span>
     <span class='ocr_line' id='line_1_9' title="bbox 109 1577 1493 1684; baseline 0.004 -27"><span class='ocrx_word' id='word_1_62' title='bbox 109 1584 234 1658; x_wconf 83' lang='lat' dir='ltr'>induxi</span> <span class='ocrx_word' id='word_1_63' title='bbox 253 1587 290 1660; x_wconf 92' lang='lat' dir='ltr'>in</span> <span class='ocrx_word' id='word_1_64' title='bbox 309 1587 521 1658; x_wconf 87' lang='lat' dir='ltr'>minusculis</span> <span class='ocrx_word' id='word_1_65' title='bbox 544 1577 738 1684; x_wconf 81' lang='grc' dir='ltr'>γινομένῳ.</span> <span class='ocrx_word' id='word_1_66' title='bbox 797 1585 904 1660; x_wconf 89' lang='lat' dir='ltr'>Conf.</span> <span class='ocrx_word' id='word_1_67' title='bbox 923 1611 995 1660; x_wconf 88' lang='lat' dir='ltr'>var.</span> <span class='ocrx_word' id='word_1_68' title='bbox 1013 1589 1111 1660; x_wconf 89' lang='lat' dir='ltr'>lectt.</span> <span class='ocrx_word' id='word_1_69' title='bbox 1137 1589 1184 1663; x_wconf 90' lang='lat' dir='ltr'>ad</span> <span class='ocrx_word' id='word_1_70' title='bbox 1201 1613 1236 1662; x_wconf 82' lang='grc' dir='ltr'>ν.</span> <span class='ocrx_word' id='word_1_71' title='bbox 1256 1591 1290 1663; x_wconf 87' lang='lat'>3.</span> <span class='ocrx_word' id='word_1_72' title='bbox 1342 1591 1387 1662; x_wconf 91' lang='lat' dir='ltr'>Iu</span> <span class='ocrx_word' id='word_1_73' title='bbox 1405 1616 1439 1662; x_wconf 84' lang='grc' dir='ltr'>ν.</span> <span class='ocrx_word' id='word_1_74' title='bbox 1459 1595 1493 1663; x_wconf 81' lang='lat'>2.</span> 
     </span>
     <span class='ocr_line' id='line_1_10' title="bbox 110 1707 1497 1807; baseline 0.002 -27"><span class='ocrx_word' id='word_1_75' title='bbox 110 1708 181 1780; x_wconf 88' lang='lat' dir='ltr'>init</span> <span class='ocrx_word' id='word_1_76' title='bbox 200 1709 243 1781; x_wconf 71' lang='lat' dir='ltr'>F.</span> <span class='ocrx_word' id='word_1_77' title='bbox 265 1713 451 1794; x_wconf 87' lang='grc' dir='ltr'>ΛΗΜΟΣ,</span> <span class='ocrx_word' id='word_1_78' title='bbox 477 1709 545 1781; x_wconf 88' lang='lat' dir='ltr'>sub</span> <span class='ocrx_word' id='word_1_79' title='bbox 568 1707 662 1780; x_wconf 89' lang='lat' dir='ltr'>med.</span> <span class='ocrx_word' id='word_1_80' title='bbox 684 1713 1140 1784; x_wconf 73' lang='grc' dir='ltr'><strong>ΣΕΞΣΤΟΥΜΑΡΚΚΨΗ.</strong></span> <span class='ocrx_word' id='word_1_81' title='bbox 1193 1710 1363 1807; x_wconf 87' lang='lat' dir='ltr'>Complet</span> <span class='ocrx_word' id='word_1_82' title='bbox 1390 1709 1497 1784; x_wconf 87' lang='lat' dir='ltr'>finem</span> 
     </span>
     <span class='ocr_line' id='line_1_11' title="bbox 110 1826 1500 1928; baseline 0.004 -29"><span class='ocrx_word' id='word_1_83' title='bbox 110 1851 231 1901; x_wconf 89' lang='lat' dir='ltr'>versus</span> <span class='ocrx_word' id='word_1_84' title='bbox 254 1827 495 1926; x_wconf 80' lang='lat' dir='ltr'>fragmentum</span> <span class='ocrx_word' id='word_1_85' title='bbox 522 1828 675 1900; x_wconf 86' lang='lat' dir='ltr'>alterum</span> <span class='ocrx_word' id='word_1_86' title='bbox 699 1826 799 1925; x_wconf 92' lang='lat' dir='ltr'>quod</span> <span class='ocrx_word' id='word_1_87' title='bbox 827 1829 895 1900; x_wconf 88' lang='lat' dir='ltr'>sub</span> <span class='ocrx_word' id='word_1_88' title='bbox 913 1827 1057 1902; x_wconf 89' lang='lat' dir='ltr'>diverso</span> <span class='ocrx_word' id='word_1_89' title='bbox 1075 1855 1227 1903; x_wconf 90' lang='lat' dir='ltr'>numero</span> <span class='ocrx_word' id='word_1_90' title='bbox 1247 1829 1359 1928; x_wconf 88' lang='lat'>(161)</span> <span class='ocrx_word' id='word_1_91' title='bbox 1378 1832 1500 1928; x_wconf 88' lang='lat' dir='ltr'>posuit</span> 
     </span>
     <span class='ocr_line' id='line_1_12' title="bbox 110 1949 1500 2047; baseline 0.004 -27"><span class='ocrx_word' id='word_1_92' title='bbox 110 1949 147 2021; x_wconf 82' lang='lat' dir='ltr'>F.</span> <span class='ocrx_word' id='word_1_93' title='bbox 165 1951 243 2023; x_wconf 90' lang='lat' dir='ltr'>scil.</span> <span class='ocrx_word' id='word_1_94' title='bbox 261 1955 607 2025; x_wconf 79' lang='grc' dir='ltr'><strong>ΤΙΔΒΕΨΤΟΥΑΥ.</strong></span> <span class='ocrx_word' id='word_1_95' title='bbox 660 1950 781 2023; x_wconf 90' lang='lat' dir='ltr'>Fulcit</span> <span class='ocrx_word' id='word_1_96' title='bbox 807 1949 875 2022; x_wconf 90' lang='lat' dir='ltr'>Ed.</span> <span class='ocrx_word' id='word_1_97' title='bbox 895 1949 935 2022; x_wconf 85' lang='lat' dir='ltr'>F.</span> <span class='ocrx_word' id='word_1_98' title='bbox 955 1950 1145 2024; x_wconf 89' lang='lat' dir='ltr'>lectionem</span> <span class='ocrx_word' id='word_1_99' title='bbox 1175 1953 1254 2047; x_wconf 88' lang='lat' dir='ltr'>ejus</span> <span class='ocrx_word' id='word_1_100' title='bbox 1280 1957 1500 2026; x_wconf 84' lang='grc' dir='ltr'>ΣΕΞΣΤΟΥ</span> 
     </span>
     <span class='ocr_line' id='line_1_13' title="bbox 114 2067 1501 2166; baseline 0.001 -26"><span class='ocrx_word' id='word_1_101' title='bbox 114 2093 176 2165; x_wconf 88' lang='lat' dir='ltr'>per</span> <span class='ocrx_word' id='word_1_102' title='bbox 203 2070 460 2142; x_wconf 87' lang='lat' dir='ltr'>auctoritatem</span> <span class='ocrx_word' id='word_1_103' title='bbox 485 2068 654 2142; x_wconf 89' lang='lat' dir='ltr'>codicum</span> <span class='ocrx_word' id='word_1_104' title='bbox 683 2081 720 2140; x_wconf 91' lang='lat' dir='ltr'>et</span> <span class='ocrx_word' id='word_1_105' title='bbox 731 2067 913 2141; x_wconf 83' lang='lat' dir='ltr'>Thesauri</span> <span class='ocrx_word' id='word_1_106' title='bbox 937 2069 1075 2166; x_wconf 69' lang='lat' dir='ltr'>steph.</span> <span class='ocrx_word' id='word_1_107' title='bbox 1093 2093 1180 2142; x_wconf 86' lang='lat' dir='ltr'>vera</span> <span class='ocrx_word' id='word_1_108' title='bbox 1206 2081 1375 2154; x_wconf 86' lang='lat' dir='ltr'>statuens,</span> <span class='ocrx_word' id='word_1_109' title='bbox 1394 2069 1501 2142; x_wconf 91' lang='lat' dir='ltr'>seda</span> 
     </span>
     <span class='ocr_line' id='line_1_14' title="bbox 110 2189 1500 2286; baseline 0.001 -26"><span class='ocrx_word' id='word_1_110' title='bbox 110 2205 229 2264; x_wconf 87' lang='lat' dir='ltr'>nostro</span> <span class='ocrx_word' id='word_1_111' title='bbox 255 2189 378 2263; x_wconf 87' lang='lat' dir='ltr'>aliena.</span> <span class='ocrx_word' id='word_1_112' title='bbox 430 2191 504 2263; x_wconf 86' lang='lat' dir='ltr'>Dat</span> <span class='ocrx_word' id='word_1_113' title='bbox 528 2189 679 2262; x_wconf 91' lang='lat' dir='ltr'>meliora</span> <span class='ocrx_word' id='word_1_114' title='bbox 697 2215 728 2261; x_wconf 90' lang='lat' dir='ltr'>v.</span> <span class='ocrx_word' id='word_1_115' title='bbox 743 2192 777 2262; x_wconf 88' lang='lat'>3.</span> <span class='ocrx_word' id='word_1_116' title='bbox 798 2189 863 2262; x_wconf 89' lang='lat' dir='ltr'>sed</span> <span class='ocrx_word' id='word_1_117' title='bbox 888 2190 998 2263; x_wconf 89' lang='lat' dir='ltr'>miror</span> <span class='ocrx_word' id='word_1_118' title='bbox 1015 2191 1191 2264; x_wconf 89' lang='lat' dir='ltr'>editorem</span> <span class='ocrx_word' id='word_1_119' title='bbox 1211 2191 1274 2286; x_wconf 91' lang='lat' dir='ltr'>qui</span> <span class='ocrx_word' id='word_1_120' title='bbox 1292 2215 1396 2262; x_wconf 91' lang='lat' dir='ltr'>suurn</span> <span class='ocrx_word' id='word_1_121' title='bbox 1416 2191 1500 2263; x_wconf 90' lang='lat' dir='ltr'>satis</span> 
     </span>
     <span class='ocr_line' id='line_1_15' title="bbox 111 2306 1271 2413; baseline 0.001 -27"><span class='ocrx_word' id='word_1_122' title='bbox 111 2317 254 2388; x_wconf 90' lang='lat' dir='ltr'>obvium</span> <span class='ocrx_word' id='word_1_123' title='bbox 271 2316 367 2412; x_wconf 89' lang='lat' dir='ltr'>(scil.</span> <span class='ocrx_word' id='word_1_124' title='bbox 381 2313 767 2413; x_wconf 86' lang='grc' dir='ltr'>ΤΕΛΕΙΟΣΑΝΤΟΣ)</span> <span class='ocrx_word' id='word_1_125' title='bbox 787 2328 903 2389; x_wconf 89' lang='lat' dir='ltr'>mutat</span> <span class='ocrx_word' id='word_1_126' title='bbox 920 2316 958 2388; x_wconf 92' lang='lat' dir='ltr'>in</span> <span class='ocrx_word' id='word_1_127' title='bbox 976 2306 1271 2409; x_wconf 75' lang='grc' dir='ltr'>ἐπιμεληθέντος.</span> 
     </span>
    </p>

    <p class='ocr_par' dir='ltr' id='par_1_5' title="bbox 112 2431 1500 2894">
     <span class='ocr_line' id='line_1_16' title="bbox 182 2431 1497 2531; baseline -0.002 -24"><span class='ocrx_word' id='word_1_128' title='bbox 182 2436 238 2508; x_wconf 91' lang='lat' dir='ltr'>De</span> <span class='ocrx_word' id='word_1_129' title='bbox 258 2435 484 2531; x_wconf 83' lang='lat' dir='ltr'>Vespasiano</span> <span class='ocrx_word' id='word_1_130' title='bbox 507 2446 608 2531; x_wconf 88' lang='lat' dir='ltr'>patre</span> <span class='ocrx_word' id='word_1_131' title='bbox 627 2458 743 2506; x_wconf 87' lang='lat' dir='ltr'>sermo</span> <span class='ocrx_word' id='word_1_132' title='bbox 761 2433 821 2506; x_wconf 91' lang='lat' dir='ltr'>hic</span> <span class='ocrx_word' id='word_1_133' title='bbox 838 2449 902 2520; x_wconf 90' lang='lat' dir='ltr'>est,</span> <span class='ocrx_word' id='word_1_134' title='bbox 920 2434 979 2506; x_wconf 91' lang='lat' dir='ltr'>cui</span> <span class='ocrx_word' id='word_1_135' title='bbox 1000 2444 1140 2530; x_wconf 86' lang='lat' dir='ltr'>portam</span> <span class='ocrx_word' id='word_1_136' title='bbox 1163 2433 1273 2508; x_wconf 84' lang='lat' dir='ltr'>fuisse</span> <span class='ocrx_word' id='word_1_137' title='bbox 1291 2431 1497 2506; x_wconf 85' lang='lat' dir='ltr'>dedicatam</span> 
     </span>
     <span class='ocr_line' id='line_1_17' title="bbox 112 2553 1500 2652; baseline -0.001 -27"><span class='ocrx_word' id='word_1_138' title='bbox 112 2569 266 2627; x_wconf 90' lang='lat' dir='ltr'>autumo.</span> <span class='ocrx_word' id='word_1_139' title='bbox 283 2553 340 2628; x_wconf 81' lang='lat' dir='ltr'>Cf.</span> <span class='ocrx_word' id='word_1_140' title='bbox 359 2555 491 2628; x_wconf 83' lang='lat' dir='ltr'>Fascio.</span> <span class='ocrx_word' id='word_1_141' title='bbox 507 2579 543 2628; x_wconf 94' lang='lat'>11.</span> <span class='ocrx_word' id='word_1_142' title='bbox 563 2580 596 2628; x_wconf 92' lang='lat' dir='ltr'>n.</span> <span class='ocrx_word' id='word_1_143' title='bbox 608 2578 709 2628; x_wconf 84' lang='lat' dir='ltr'>xuvt.</span> <span class='ocrx_word' id='word_1_144' title='bbox 749 2556 905 2652; x_wconf 88' lang='lat' dir='ltr'>Operam</span> <span class='ocrx_word' id='word_1_145' title='bbox 924 2553 1141 2628; x_wconf 88' lang='lat' dir='ltr'>crediderim</span> <span class='ocrx_word' id='word_1_146' title='bbox 1169 2556 1370 2628; x_wconf 87' lang='lat' dir='ltr'>institutam</span> <span class='ocrx_word' id='word_1_147' title='bbox 1396 2553 1500 2627; x_wconf 89' lang='lat' dir='ltr'>brevi</span> 
     </span>
     <span class='ocr_line' id='line_1_18' title="bbox 112 2673 1500 2774; baseline -0.001 -28"><span class='ocrx_word' id='word_1_148' title='bbox 112 2687 189 2768; x_wconf 88' lang='lat' dir='ltr'>post</span> <span class='ocrx_word' id='word_1_149' title='bbox 205 2676 411 2748; x_wconf 86' lang='lat' dir='ltr'>libertatem</span> <span class='ocrx_word' id='word_1_150' title='bbox 428 2673 631 2772; x_wconf 89' lang='lat' dir='ltr'>ademptam</span> <span class='ocrx_word' id='word_1_151' title='bbox 647 2700 667 2747; x_wconf 86' lang='lat' dir='ltr'>a</span> <span class='ocrx_word' id='word_1_152' title='bbox 681 2675 825 2774; x_wconf 90' lang='lat' dir='ltr'>Lyciis:</span> <span class='ocrx_word' id='word_1_153' title='bbox 854 2674 1096 2772; x_wconf 85' lang='lat' dir='ltr'>postmodum,</span> <span class='ocrx_word' id='word_1_154' title='bbox 1108 2674 1185 2749; x_wconf 92' lang='lat' dir='ltr'>filio</span> <span class='ocrx_word' id='word_1_155' title='bbox 1195 2677 1273 2772; x_wconf 88' lang='lat' dir='ltr'>ejus</span> <span class='ocrx_word' id='word_1_156' title='bbox 1287 2674 1500 2773; x_wconf 87' lang='lat' dir='ltr'>dignitatem</span> 
     </span>
     <span class='ocr_line' id='line_1_19' title="bbox 113 2793 1135 2894; baseline 0.002 -28"><span class='ocrx_word' id='word_1_157' title='bbox 113 2795 268 2894; x_wconf 86' lang='lat' dir='ltr'>Augusti</span> <span class='ocrx_word' id='word_1_158' title='bbox 286 2793 497 2891; x_wconf 80' lang='lat' dir='ltr'>adsequum,</span> <span class='ocrx_word' id='word_1_159' title='bbox 517 2795 662 2868; x_wconf 90' lang='lat' dir='ltr'>titulum</span> <span class='ocrx_word' id='word_1_160' title='bbox 681 2795 745 2891; x_wconf 92' lang='lat' dir='ltr'>qui</span> <span class='ocrx_word' id='word_1_161' title='bbox 763 2795 928 2891; x_wconf 87' lang='lat' dir='ltr'>sequitur</span> <span class='ocrx_word' id='word_1_162' title='bbox 945 2793 1135 2868; x_wconf 42' lang='lat' dir='ltr'>additum&amp;</span> 
     </span>
    </p>
   </div>
   <div class='ocr_carea' id='block_1_4' title="bbox 676 3094 949 3172">
    <p class='ocr_par' dir='ltr' id='par_1_6' title="bbox 676 3094 949 3172">
     <span class='ocr_line' id='line_1_20' title="bbox 676 3094 949 3172; baseline -0.018 -1"><span class='ocrx_word' id='word_1_163' title='bbox 676 3094 891 3172; x_wconf 89' lang='lat' dir='ltr'>CCCXIV.</span> <span class='ocrx_word' id='word_1_164' title='bbox 918 3119 949 3168; x_wconf 88' lang='lat' dir='ltr'>c.</span> 
     </span>
    </p>
   </div>
   <div class='ocr_carea' id='block_1_5' title="bbox 115 3255 1503 3365">
    <p class='ocr_par' dir='ltr' id='par_1_7' title="bbox 115 3255 1503 3365">
     <span class='ocr_line' id='line_1_21' title="bbox 115 3255 1503 3365; baseline 0.002 -28"><span class='ocrx_word' id='word_1_165' title='bbox 115 3258 379 3365; x_wconf 76' lang='lat' dir='ltr'>Ar&#39;rrcxpu&#39;ropa</span> <span class='ocrx_word' id='word_1_166' title='bbox 410 3261 587 3365; x_wconf 82' lang='grc' dir='ltr'><em>Καίσαρα</em></span> <span class='ocrx_word' id='word_1_167' title='bbox 611 3261 727 3341; x_wconf 84' lang='grc' dir='ltr'>Τίτον</span> <span class='ocrx_word' id='word_1_168' title='bbox 757 3255 948 3339; x_wconf 78' lang='grc' dir='ltr'>Φλαούῖον</span> <span class='ocrx_word' id='word_1_169' title='bbox 972 3255 1270 3340; x_wconf 78' lang='grc' dir='ltr'>Οὐεσπασιανὸν</span> <span class='ocrx_word' id='word_1_170' title='bbox 1292 3257 1503 3356; x_wconf 81' lang='grc' dir='ltr'>Σεβαστόν,</span> 
     </span>
    </p>
   </div>
   <div class='ocr_carea' id='block_1_6' title="bbox 115 3387 1504 3497">
    <p class='ocr_par' dir='ltr' id='par_1_8' title="bbox 115 3387 1504 3497">
     <span class='ocr_line' id='line_1_22' title="bbox 115 3387 1504 3497; baseline 0 -27"><span class='ocrx_word' id='word_1_171' title='bbox 115 3387 176 3470; x_wconf 80' lang='grc' dir='ltr'>τὸν</span> <span class='ocrx_word' id='word_1_172' title='bbox 190 3395 346 3497; x_wconf 74' lang='grc' dir='ltr'>σωτῆρα</span> <span class='ocrx_word' id='word_1_173' title='bbox 365 3396 425 3472; x_wconf 84' lang='grc' dir='ltr'>καὶ</span> <span class='ocrx_word' id='word_1_174' title='bbox 445 3393 641 3497; x_wconf 79' lang='grc' dir='ltr'>εὐεργέτην</span> <span class='ocrx_word' id='word_1_175' title='bbox 659 3389 857 3496; x_wconf 82' lang='grc' dir='ltr'>γινόμενον</span> <span class='ocrx_word' id='word_1_176' title='bbox 876 3399 942 3472; x_wconf 84' lang='grc' dir='ltr'>τοῦ</span> <span class='ocrx_word' id='word_1_177' title='bbox 959 3387 1133 3492; x_wconf 82' lang='grc' dir='ltr'>Κόσμον,</span> <span class='ocrx_word' id='word_1_178' title='bbox 1148 3392 1321 3476; x_wconf 85' lang='grc' dir='ltr'>Ξανθίων</span> <span class='ocrx_word' id='word_1_179' title='bbox 1340 3388 1504 3492; x_wconf 80' lang='grc' dir='ltr'>ἡΒονλὴ</span> 
     </span>
    </p>
   </div>
   <div class='ocr_carea' id='block_1_7' title="bbox 114 3615 1507 4389">
    <p class='ocr_par' dir='ltr' id='par_1_9' title="bbox 114 3615 1506 3994">
     <span class='ocr_line' id='line_1_23' title="bbox 114 3615 1503 3695; baseline 0.001 -21"><span class='ocrx_word' id='word_1_180' title='bbox 114 3615 261 3676; x_wconf 74' lang='lat' dir='ltr'>illustrata</span> <span class='ocrx_word' id='word_1_181' title='bbox 287 3617 323 3676; x_wconf 89' lang='lat' dir='ltr'>de</span> <span class='ocrx_word' id='word_1_182' title='bbox 349 3618 481 3694; x_wconf 84' lang='lat' dir='ltr'>reliquiis</span> <span class='ocrx_word' id='word_1_183' title='bbox 507 3620 614 3678; x_wconf 84' lang='lat' dir='ltr'>veteris</span> <span class='ocrx_word' id='word_1_184' title='bbox 642 3621 724 3677; x_wconf 90' lang='lat' dir='ltr'>urbis</span> <span class='ocrx_word' id='word_1_185' title='bbox 752 3621 782 3676; x_wconf 90' lang='lat' dir='ltr'>iu</span> <span class='ocrx_word' id='word_1_186' title='bbox 834 3619 913 3676; x_wconf 82' lang='lat' dir='ltr'>siano</span> <span class='ocrx_word' id='word_1_187' title='bbox 934 3617 1063 3675; x_wconf 85' lang='lat' dir='ltr'>conditio</span> <span class='ocrx_word' id='word_1_188' title='bbox 1083 3617 1237 3676; x_wconf 82' lang='lat' dir='ltr'>civitatum</span> <span class='ocrx_word' id='word_1_189' title='bbox 1251 3617 1359 3695; x_wconf 84' lang='lat' dir='ltr'>Lyoiae,</span> <span class='ocrx_word' id='word_1_190' title='bbox 1375 3617 1503 3689; x_wconf 72' lang='lat' dir='ltr'>Achaia,</span> 
     </span>
     <span class='ocr_line' id='line_1_24' title="bbox 115 3715 1506 3794; baseline -0.001 -18"><span class='ocrx_word' id='word_1_191' title='bbox 115 3735 158 3794; x_wconf 86' lang='lat' dir='ltr'>pp.</span> <span class='ocrx_word' id='word_1_192' title='bbox 168 3719 316 3778; x_wconf 70' lang='lat' dir='ltr'>att-234.</span> <span class='ocrx_word' id='word_1_193' title='bbox 326 3728 355 3776; x_wconf 88' lang='lat' dir='ltr'>et</span> <span class='ocrx_word' id='word_1_194' title='bbox 369 3716 511 3782; x_wconf 81' lang='grc'><strong>163-177.</strong></span> <span class='ocrx_word' id='word_1_195' title='bbox 540 3719 782 3776; x_wconf 83' lang='lat' dir='ltr'>Tractaruntnu-</span> <span class='ocrx_word' id='word_1_196' title='bbox 834 3726 897 3785; x_wconf 81' lang='lat' dir='ltr'>etc,</span> <span class='ocrx_word' id='word_1_197' title='bbox 916 3725 1041 3792; x_wconf 86' lang='lat' dir='ltr'>ponente</span> <span class='ocrx_word' id='word_1_198' title='bbox 1063 3718 1125 3793; x_wconf 89' lang='lat' dir='ltr'>ipso</span> <span class='ocrx_word' id='word_1_199' title='bbox 1145 3715 1184 3774; x_wconf 91' lang='lat' dir='ltr'>U.</span> <span class='ocrx_word' id='word_1_200' title='bbox 1200 3717 1231 3773; x_wconf 84' lang='lat' dir='ltr'>O.</span> <span class='ocrx_word' id='word_1_201' title='bbox 1253 3715 1319 3778; x_wconf 82' lang='lat'><strong>827.</strong></span> <span class='ocrx_word' id='word_1_202' title='bbox 1360 3716 1506 3774; x_wconf 83' lang='lat' dir='ltr'>Successit</span> 
     </span>
     <span class='ocr_line' id='line_1_25' title="bbox 115 3813 1504 3894; baseline 0 -18"><span class='ocrx_word' id='word_1_203' title='bbox 115 3817 237 3890; x_wconf 79' lang='lat' dir='ltr'>perrime</span> <span class='ocrx_word' id='word_1_204' title='bbox 249 3816 325 3874; x_wconf 84' lang='lat' dir='ltr'>hanc</span> <span class='ocrx_word' id='word_1_205' title='bbox 338 3817 488 3875; x_wconf 85' lang='lat' dir='ltr'>materiam</span> <span class='ocrx_word' id='word_1_206' title='bbox 502 3817 612 3894; x_wconf 81' lang='lat' dir='ltr'>Spratt.</span> <span class='ocrx_word' id='word_1_207' title='bbox 626 3825 657 3874; x_wconf 87' lang='lat' dir='ltr'>et</span> <span class='ocrx_word' id='word_1_208' title='bbox 667 3817 783 3874; x_wconf 81' lang='lat' dir='ltr'>Forbcs.</span> <span class='ocrx_word' id='word_1_209' title='bbox 833 3815 912 3872; x_wconf 88' lang='lat' dir='ltr'>filius</span> <span class='ocrx_word' id='word_1_210' title='bbox 931 3815 969 3872; x_wconf 83' lang='lat' dir='ltr'>ad</span> <span class='ocrx_word' id='word_1_211' title='bbox 985 3815 1160 3891; x_wconf 80' lang='lat' dir='ltr'>dignitatem</span> <span class='ocrx_word' id='word_1_212' title='bbox 1176 3813 1309 3890; x_wconf 81' lang='lat' dir='ltr'>Augusti</span> <span class='ocrx_word' id='word_1_213' title='bbox 1328 3814 1358 3870; x_wconf 93' lang='lat' dir='ltr'>in</span> <span class='ocrx_word' id='word_1_214' title='bbox 1377 3833 1421 3872; x_wconf 81' lang='lat' dir='ltr'>sn.</span> <span class='ocrx_word' id='word_1_215' title='bbox 1438 3819 1504 3876; x_wconf 79' lang='lat'>832.</span> 
     </span>
     <span class='ocr_line' id='line_1_26' title="bbox 115 3913 1505 3994; baseline 0.003 -24"><span class='ocrx_word' id='word_1_216' title='bbox 115 3913 205 3974; x_wconf 70' lang='lat' dir='ltr'>[tim</span> <span class='ocrx_word' id='word_1_217' title='bbox 219 3915 290 3991; x_wconf 79' lang='lat' dir='ltr'>Lyc.</span> <span class='ocrx_word' id='word_1_218' title='bbox 304 3915 361 3974; x_wconf 81' lang='lat' dir='ltr'>voL</span> <span class='ocrx_word' id='word_1_219' title='bbox 373 3933 391 3973; x_wconf 87' lang='lat' dir='ltr'>r.</span> <span class='ocrx_word' id='word_1_220' title='bbox 407 3935 454 3992; x_wconf 92' lang='lat' dir='ltr'>pp.</span> <span class='ocrx_word' id='word_1_221' title='bbox 468 3917 511 3973; x_wconf 87' lang='grc'><strong>14.</strong></span> <span class='ocrx_word' id='word_1_222' title='bbox 526 3935 547 3974; x_wconf 86' lang='lat' dir='ltr'>s.</span> <span class='ocrx_word' id='word_1_223' title='bbox 835 3916 917 3975; x_wconf 82' lang='lat' dir='ltr'>Conf.</span> <span class='ocrx_word' id='word_1_224' title='bbox 929 3913 1027 3973; x_wconf 82' lang='lat' dir='ltr'>Doctr.</span> <span class='ocrx_word' id='word_1_225' title='bbox 1036 3915 1121 3972; x_wconf 71' lang='lat' dir='ltr'>Nunc</span> <span class='ocrx_word' id='word_1_226' title='bbox 1133 3931 1171 3972; x_wconf 83' lang='lat' dir='ltr'>vn</span> <span class='ocrx_word' id='word_1_227' title='bbox 1186 3933 1233 3990; x_wconf 91' lang='lat' dir='ltr'>pp.</span> <span class='ocrx_word' id='word_1_228' title='bbox 1245 3917 1312 3973; x_wconf 83' lang='lat'>332.</span> <span class='ocrx_word' id='word_1_229' title='bbox 1328 3913 1396 3974; x_wconf 85' lang='grc'><strong>356.</strong></span> <span class='ocrx_word' id='word_1_230' title='bbox 1423 3915 1505 3994; x_wconf 82' lang='lat' dir='ltr'>Opus</span> 
     </span>
    </p>

    <p class='ocr_par' dir='ltr' id='par_1_10' title="bbox 117 4011 1507 4191">
     <span class='ocr_line' id='line_1_27' title="bbox 152 4011 1507 4094; baseline -0.004 -18"><span class='ocrx_word' id='word_1_231' title='bbox 152 4019 242 4076; x_wconf 88' lang='lat' dir='ltr'>⁰Ubi</span> <span class='ocrx_word' id='word_1_232' title='bbox 264 4035 360 4094; x_wconf 81' lang='lat' dir='ltr'>supra,</span> <span class='ocrx_word' id='word_1_233' title='bbox 375 4037 402 4093; x_wconf 95' lang='lat' dir='ltr'>p.</span> <span class='ocrx_word' id='word_1_234' title='bbox 418 4020 481 4082; x_wconf 83' lang='lat'>149.</span> <span class='ocrx_word' id='word_1_235' title='bbox 496 4037 523 4074; x_wconf 93' lang='lat' dir='ltr'>n.</span> <span class='ocrx_word' id='word_1_236' title='bbox 534 4015 620 4078; x_wconf 80' lang='lat'>4271.</span> <span class='ocrx_word' id='word_1_237' title='bbox 642 4015 709 4074; x_wconf 86' lang='lat' dir='ltr'>Loo·</span> <span class='ocrx_word' id='word_1_238' title='bbox 721 4015 784 4073; x_wconf 77' lang='lat' dir='ltr'>nel·</span> <span class='ocrx_word' id='word_1_239' title='bbox 834 4013 1007 4073; x_wconf 85' lang='lat' dir='ltr'>crediderim</span> <span class='ocrx_word' id='word_1_240' title='bbox 1028 4019 1195 4087; x_wconf 86' lang='lat' dir='ltr'>susceptum</span> <span class='ocrx_word' id='word_1_241' title='bbox 1215 4011 1306 4068; x_wconf 87' lang='lat' dir='ltr'>fuisse</span> <span class='ocrx_word' id='word_1_242' title='bbox 1331 4013 1420 4088; x_wconf 85' lang='lat' dir='ltr'>paulo</span> <span class='ocrx_word' id='word_1_243' title='bbox 1439 4022 1507 4070; x_wconf 83' lang='lat' dir='ltr'>ante</span> 
     </span>
     <span class='ocr_line' id='line_1_28' title="bbox 117 4109 1506 4191; baseline -0.003 -19"><span class='ocrx_word' id='word_1_244' title='bbox 117 4115 189 4174; x_wconf 70' lang='lat' dir='ltr'>loris.</span> <span class='ocrx_word' id='word_1_245' title='bbox 203 4127 250 4175; x_wconf 76' lang='lat' dir='ltr'>eet</span> <span class='ocrx_word' id='word_1_246' title='bbox 264 4117 295 4172; x_wconf 89' lang='lat' dir='ltr'>in</span> <span class='ocrx_word' id='word_1_247' title='bbox 306 4115 363 4172; x_wconf 80' lang='lat' dir='ltr'>vol.</span> <span class='ocrx_word' id='word_1_248' title='bbox 372 4133 403 4172; x_wconf 88' lang='lat'>11.</span> <span class='ocrx_word' id='word_1_249' title='bbox 418 4135 445 4191; x_wconf 93' lang='lat' dir='ltr'>p.</span> <span class='ocrx_word' id='word_1_250' title='bbox 456 4119 522 4180; x_wconf 82' lang='lat'>409.</span> <span class='ocrx_word' id='word_1_251' title='bbox 537 4135 586 4173; x_wconf 91' lang='lat' dir='ltr'>nn.</span> <span class='ocrx_word' id='word_1_252' title='bbox 602 4113 664 4174; x_wconf 92' lang='grc'><strong>160.</strong></span> <span class='ocrx_word' id='word_1_253' title='bbox 679 4112 743 4172; x_wconf 94' lang='grc'><strong>161.</strong></span> <span class='ocrx_word' id='word_1_254' title='bbox 835 4109 1166 4187; x_wconf 75' lang='lat' dir='ltr'>decessumVespssisni,</span> <span class='ocrx_word' id='word_1_255' title='bbox 1175 4109 1401 4186; x_wconf 87' lang='lat' dir='ltr'>absolutumque</span> <span class='ocrx_word' id='word_1_256' title='bbox 1414 4131 1506 4187; x_wconf 92' lang='lat' dir='ltr'>quum</span> 
     </span>
    </p>

    <p class='ocr_par' dir='ltr' id='par_1_11' title="bbox 118 4208 1507 4389">
     <span class='ocr_line' id='line_1_29' title="bbox 151 4208 1507 4289; baseline -0.005 -15"><span class='ocrx_word' id='word_1_257' title='bbox 151 4213 554 4274; x_wconf 76' lang='lat' dir='ltr'>&#39;NotatEckheLdissentire</span> <span class='ocrx_word' id='word_1_258' title='bbox 564 4213 687 4270; x_wconf 83' lang='lat' dir='ltr'>invicem</span> <span class='ocrx_word' id='word_1_259' title='bbox 695 4213 785 4289; x_wconf 88' lang='lat' dir='ltr'>scrip·</span> <span class='ocrx_word' id='word_1_260' title='bbox 831 4211 893 4286; x_wconf 83' lang='lat' dir='ltr'>jam</span> <span class='ocrx_word' id='word_1_261' title='bbox 919 4211 1019 4288; x_wconf 84' lang='lat' dir='ltr'>plenos</span> <span class='ocrx_word' id='word_1_262' title='bbox 1045 4208 1169 4267; x_wconf 85' lang='lat' dir='ltr'>honores</span> <span class='ocrx_word' id='word_1_263' title='bbox 1196 4208 1377 4286; x_wconf 76' lang='lat' dir='ltr'>adsequutns</span> <span class='ocrx_word' id='word_1_264' title='bbox 1411 4211 1507 4280; x_wconf 78' lang='lat' dir='ltr'>suerat</span> 
     </span>
     <span class='ocr_line' id='line_1_30' title="bbox 118 4309 931 4389; baseline -0.006 -19"><span class='ocrx_word' id='word_1_265' title='bbox 118 4323 189 4374; x_wconf 77' lang='lat' dir='ltr'>toras</span> <span class='ocrx_word' id='word_1_266' title='bbox 202 4315 239 4373; x_wconf 88' lang='lat' dir='ltr'>de</span> <span class='ocrx_word' id='word_1_267' title='bbox 253 4332 330 4370; x_wconf 75' lang='lat' dir='ltr'>anno</span> <span class='ocrx_word' id='word_1_268' title='bbox 344 4313 373 4369; x_wconf 91' lang='lat' dir='ltr'>in</span> <span class='ocrx_word' id='word_1_269' title='bbox 389 4332 447 4389; x_wconf 90' lang='lat' dir='ltr'>quo</span> <span class='ocrx_word' id='word_1_270' title='bbox 462 4323 574 4370; x_wconf 86' lang='lat' dir='ltr'>mutata</span> <span class='ocrx_word' id='word_1_271' title='bbox 588 4321 631 4369; x_wconf 84' lang='lat' dir='ltr'>est</span> <span class='ocrx_word' id='word_1_272' title='bbox 644 4331 660 4369; x_wconf 85' lang='lat' dir='ltr'>a</span> <span class='ocrx_word' id='word_1_273' title='bbox 675 4311 785 4388; x_wconf 80' lang='lat' dir='ltr'>Vespa·</span> <span class='ocrx_word' id='word_1_274' title='bbox 836 4309 931 4366; x_wconf 84' lang='lat' dir='ltr'>Titus.</span> 
     </span>
    </p>
   </div>
   <div class='ocr_carea' id='block_1_8' title="bbox 0 0 1974 5240">
    <p class='ocr_par' dir='ltr' id='par_1_12' title="bbox 0 0 1974 5240">
     <span class='ocr_line' id='line_1_31' title="bbox 0 0 1974 5240; baseline 0 0"><span class='ocrx_word' id='word_1_275' title='bbox 0 0 1974 5240; x_wconf 95' lang='lat' dir='ltr'> </span> 
     </span>
    </p>
   </div>
  </div>
 </body>
</html>
