3918 5240
463 503 525 568 150
879 498 1232 566 INSORIPTIONES
1255 497 1448 567 GRAEOAE.
1625 500 1847 581 [insumuntur.

466 709 534 768 eto.
553 695 592 770 in
610 721 701 782 ιτος,
716 720 778 783 ιτι,
796 703 960 766 mutare'.
1004 693 1049 765 In
1066 717 1099 764 r.
1115 693 1146 766 6.
1159 696 1409 769 ΣΑΡΑΠΙΑΔΙ
1428 713 1507 764 esse
1524 689 1737 764 femininum
1753 699 1848 761 notat

467 814 638 886 Letronn.
657 809 758 906 quod
774 810 893 907 ipsum
910 821 1011 908 patet
1027 833 1076 882 ex
1093 809 1321 882 restitutione
1339 833 1449 906 quam
1465 806 1546 882 feei.
1584 807 1754 882 Vidimus
1769 833 1848 903 quo·

469 959 540 1032 que
557 933 733 1008 muliebre
750 931 790 1004 in
807 931 905 1004 Fasc.
918 952 954 1004 11.
974 955 1007 1002 n.
1021 951 1123 1004 xo1x.
1145 931 1174 1000 l.

1054 1219 1218 1296 CCCLI.
1246 1221 1279 1293 b.

740 1385 1564 1458 ΤΟΝΛΑΜΠΡΟΤΑΤΟΝΑΥΤΟΚΡΑΤΟΡΑ

741 1497 1519 1570 ΤΟΝΠΟΛΙΟΥΧΟΝΑΛΕΞΑΝΔΡΕΙΑΕ

745 1610 1467 1681 ΔΙΟΚΛΗΤΙΑΝΟΝΤΟΝΜΕΓΙΕΤΟΝ

745 1722 1435 1793 ΠΟΠΛΙΟΟΕΠΑΡΧΟΟΑΙΓΥΠΤΟΥ

672 1833 693 1901 5
976 1835 1181 1904 stertet
1182 1835 1249 1903 ΗΝ

518 2015 597 2100 Τὸν
608 2015 878 2122 λαμπρότατον
889 2015 1173 2122 Αὐτοκράτορα,
1193 2015 1260 2100 τὸν
1280 2023 1498 2124 Πολιοῦχον
1510 2013 1807 2124 Ἀλεξανδρείας,

520 2148 809 2252 Διοκλητιανὸν,
838 2148 905 2233 τὸν
937 2151 1150 2255 Μέγιστον,
1190 2148 1375 2250 Πόπλιος,
1405 2151 1568 2258 ἔπαρχος·
1608 2151 1807 2255 Αἰγύπτου,

1031 2285 1253 2390 Εὐεργέτην.

547 2494 604 2567 1)ο
621 2491 728 2566 titulo
745 2492 982 2568 celeberrimo
998 2491 1146 2566 videant
1168 2491 1323 2566 lectores
1340 2515 1423 2587 quae
1440 2492 1646 2568 summatim
1675 2488 1794 2564 monui
1816 2486 1848 2556 iu

473 2611 718 2686 Prasstione'.
770 2613 898 2689 Restat
926 2623 969 2684 ut
998 2635 1113 2708 pauca
1139 2610 1306 2707 quaedam
1330 2609 1377 2683 de
1399 2609 1658 2682 tentaminibus
1675 2608 1849 2682 doctorum

475 2757 572 2807 nuno
590 2732 791 2828 subjiciam.

551 2853 690 2928 Savarii
720 2851 819 2926 diota
847 2850 1075 2946 aliquatenus
1099 2851 1244 2926 admisit
1271 2851 1457 2942 Denonus,
1474 2847 1641 2946 opinatus
1659 2871 1744 2922 vero
1760 2846 1851 2918 Pom·

474 2973 596 3072 peium
625 2995 665 3044 re
694 2994 780 3044 vera
808 2971 983 3046 extulisse
1012 2971 1128 3044 simile
1156 2969 1416 3043 monimentum
1447 2969 1485 3040 in
1513 2967 1585 3040 situ
1602 2964 1850 3042 Alexandrino.

475 3091 575 3190 quod
604 3091 748 3165 labente
775 3114 854 3163 sevo
881 3089 1044 3164 dirutum
1071 3091 1311 3164 communiter
1341 3105 1524 3186 tamquam
1557 3090 1596 3162 in
1630 3089 1702 3172 hoc
1730 3103 1850 3184 tropeo

477 3213 604 3290 Severi
632 3215 841 3288 restitutum
870 3215 1078 3291 eredebant.
1134 3214 1305 3290 Clarkius
1337 3226 1464 3290 eontra
1497 3215 1699 3312 ableganda
1726 3209 1852 3288 censuit

475 3334 622 3408 nomina
639 3347 675 3410 et
693 3332 858 3432 Pompeii
875 3345 912 3406 et
932 3333 1067 3420 Severi,
1085 3333 1301 3408 intromissis
1319 3331 1510 3414 Posthumi
1535 3333 1724 3430 cujusdam
1740 3346 1776 3406 et
1791 3331 1852 3404 Ha·

476 3455 603 3532 driani.
667 3455 764 3527 Dein
791 3455 1035 3543 MontacutuS,
1061 3454 1272 3528 recordatus
1299 3453 1399 3552 quod
1428 3453 1637 3530 structionis
1665 3454 1771 3551 hujus
1795 3475 1852 3524 nec

479 3576 608 3652 Strabo
635 3599 703 3648 neo
725 3571 910 3646 Diodorus
931 3572 1170 3661 meminerint,
1191 3571 1456 3670 Vespasianum
1483 3569 1530 3645 ad
1557 3587 1678 3668 partes
1705 3572 1851 3650 vocabat

476 3693 590 3768 fretus
607 3693 744 3767 indicio
762 3694 901 3767 nummi
918 3693 1071 3790 alicujus
1094 3718 1202 3792 quem
1224 3695 1333 3790 juxta
1357 3694 1471 3767 basim
1490 3691 1659 3768 effossum
1678 3717 1794 3770 secum
1809 3713 1852 3762 re·

477 3826 697 3910 portaverat.

538 3931 634 4004 Mira
642 3930 721 4003 haee
731 3943 934 4004 commenta
944 3930 1182 4030 profligarunt
1192 3931 1393 4006 accuratior
1403 3932 1580 4030 inspectio
1593 3945 1632 4006 et
1642 3927 1853 4010 describendi

518 4141 529 4162 '
544 4130 625 4190 conf.
635 4131 719 4188 Koen
734 4131 775 4188 od
789 4131 1028 4208 drumniaco
1042 4154 1071 4213 p.
1086 4137 1149 4196 141.
1241 4135 1335 4214 reug.
1351 4139 1377 4194 8.
1389 4155 1410 4194 s.

478 4233 507 4288 b.
521 4231 571 4289 eit.
585 4250 602 4288 a
616 4228 751 4288 Matthia
766 4231 817 4290 Gr.
828 4228 843 4310 l
853 4233 899 4290 28.
913 4231 962 4290 fin.
