3994 5242
463 533 481 596 6
1030 535 1288 602 PRAEFATIO.

462 745 510 792 ex
530 720 755 817 Antiphello‚
783 722 970 820 Aperrhis‚
999 723 1163 822 Cyaneis,
1191 727 1357 826 Limyris‚
1384 728 1539 825 Megiste
1569 729 1695 816 insula,
1727 733 1853 829 Myris,

462 861 629 958 Olympo,
656 863 803 950 Pataris,
830 863 1031 952 Phaselide,
1055 867 1216 941 Xantho.
1270 869 1361 942 Haeo
1382 869 1535 966 palmam
1562 883 1756 964 merentur,
1780 898 1853 945 non

461 1015 533 1075 tam
556 1015 705 1101 propter
727 1009 923 1100 materiam,
942 1033 1023 1103 quae
1050 1021 1092 1082 ut
1120 1010 1314 1108 plurimum
1342 1009 1379 1081 in
1407 1033 1445 1082 re
1473 1009 1662 1106 sepulcrali
1680 1025 1853 1096 versatur,

458 1145 655 1241 composita
679 1144 757 1240 ipsa
784 1145 981 1218 secundum
1004 1146 1176 1220 formulas
1204 1147 1379 1240 solennes,
1398 1171 1505 1242 quam
1529 1149 1578 1220 ob
1602 1150 1708 1221 situm
1735 1150 1852 1246 ipsum

458 1283 760 1355 monimentorum
795 1282 972 1355 hodierno
1007 1296 1167 1381 tempore
1196 1284 1286 1357 adeo
1313 1287 1617 1382 peregrinantium
1653 1289 1782 1363 studiis
1816 1305 1854 1364 et

457 1417 681 1492 sermonibus
698 1420 940 1516 praedioatum.
997 1427 1057 1496 Ex
1086 1423 1153 1508 his,
1174 1423 1461 1521 Antiphellense‚
1480 1426 1578 1519 quod
1592 1427 1630 1498 in
1647 1429 1763 1525 eapite
1781 1431 1855 1526 epi·

455 1557 628 1655 graphice
645 1560 801 1656 positum
825 1563 1007 1658 reperient
1026 1565 1198 1662 legentes,
1216 1565 1416 1662 prinoipem
1434 1565 1554 1638 locum
1574 1566 1758 1664 dignitatis
1776 1571 1853 1642 vin-

457 1699 576 1772 dicare
605 1700 734 1773 merito
762 1700 917 1794 videtur,
944 1703 1078 1800 quippe
1106 1727 1127 1776 a
1154 1703 1366 1775 monimenti
1389 1703 1575 1779 conditore
1600 1730 1642 1778 ea
1665 1707 1854 1806 diligentia

455 1841 676 1939 insculptum
707 1843 848 1938 qualem
877 1845 915 1917 in
943 1846 1083 1918 eunctis
1110 1843 1372 1942 propemodum
1404 1869 1486 1940 quae
1513 1844 1632 1918 adhue
1663 1847 1700 1919 in
1730 1847 1850 1921 lucem

455 1983 670 2082 prodierunt
696 1984 952 2060 desideramus.
1007 1987 1174 2085 Bilingue
1198 2012 1327 2085 nempe
1345 1999 1410 2082 est,
1428 1987 1602 2060 sermonis
1620 1988 1727 2084 patrii
1743 1986 1850 2060 adve-

454 2147 653 2221 narumque
684 2125 896 2200 Graecorum
924 2127 1078 2222 loquelae
1107 2127 1301 2224 exemplar,
1328 2129 1411 2222 jure
1440 2127 1523 2199 ideo
1553 2128 1848 2224 aequiparandum

454 2289 537 2336 oum
565 2263 754 2338 decantato
780 2265 844 2340 illo
874 2267 1126 2340 Fellowsiano²
1155 2267 1206 2340 ad
1232 2267 1331 2362 quod
1361 2267 1626 2340 laudatissimus
1659 2267 1847 2364 Sharpiusb

454 2407 585 2502 aliique
603 2407 783 2505 inprimis
802 2432 993 2504 respexere
1009 2407 1096 2480 dum
1114 2431 1179 2504 per
1192 2405 1304 2479 ardua
1321 2407 1477 2480 nitentes
1490 2449 1502 2460 ·
1514 2447 1549 2460 --
1568 2407 1746 2480 tramitem
1764 2407 1848 2480 dieo

453 2547 686 2646 caliginosum
715 2547 923 2645 philologiae
946 2547 1069 2644 Lyciae
1084 2601 1091 2616 .
1172 2541 1340 2616 incedere
1368 2555 1452 2616 sunt
1480 2545 1608 2617 conati.
1661 2545 1846 2637 Quantum

378 2781 386 2790 Ι
451 2688 602 2763 subsidii
626 2689 852 2764 conlaturum
880 2691 927 2762 sit
956 2690 1217 2762 monimentum
1243 2687 1462 2784 Antiphelli,
1489 2687 1643 2783 amplius
1673 2687 1845 2760 nimirum

451 2851 563 2922 quum
593 2828 639 2900 sit
665 2828 839 2925 praedioto
862 2829 1065 2928 Limyrensi
1093 2841 1130 2903 et
1158 2830 1320 2903 exactius
1350 2829 1449 2902 haud
1473 2854 1609 2925 parum,
1634 2830 1843 2925 peritiorum

448 2967 605 3062 judiciis,
623 2979 665 3040 ut
682 2968 904 3067 dignoscant,
923 2973 1108 3067 permitto:
1138 2972 1222 3044 satis
1249 2971 1358 3044 suerit
1374 2971 1578 3044 meminisse
1596 2971 1695 3066 quod
1714 2982 1750 3043 et
1767 2971 1844 3067 ipse

453 3133 596 3204 operam
616 3135 682 3206 pro
700 3111 864 3185 doctrina
881 3137 961 3185 mea
977 3114 1109 3209 pusilla
1125 3137 1233 3186 ausus
1258 3138 1336 3186 sum
1355 3137 1486 3185 navare
1504 3110 1714 3198 ordinanda
1733 3136 1845 3209 expo-

452 3249 583 3340 liendo,
601 3251 721 3336 immo,
743 3275 854 3346 quum
874 3255 982 3327 certis
1000 3256 1158 3353 auguriis
1177 3255 1408 3340 destituebar‚
1426 3254 1673 3350 conjectando.
1725 3254 1845 3347 Atqui

452 3389 600 3461 meliora
627 3388 746 3463 adhue
773 3391 939 3488 requiro:
969 3393 1114 3465 titulum
1138 3393 1176 3464 in
1205 3391 1329 3488 primis
1360 3391 1583 3488 amplioreme
1612 3405 1648 3463 et
1675 3391 1721 3463 ab
1744 3389 1844 3462 omni

491 3603 503 3630 ¹
526 3605 602 3663 Vide
616 3606 684 3663 libr.
698 3606 869 3664 Discoveries
890 3608 919 3664 r'n
933 3607 1031 3682 Lycia,
1048 3607 1119 3664 Tab.
1171 3627 1199 3664 n.
1216 3623 1402 3665 couxuxvru.

451 3721 555 3760 xxxvi.
570 3723 597 3760 n.
607 3709 633 3764 3.
648 3725 675 3779 p·
688 3704 752 3768 469.
776 3706 873 3762 Antea
886 3705 1015 3763 ediderat
1027 3706 1118 3763 Coek-
1209 3705 1223 3744 δ
1247 3706 1329 3764 Conf.
1343 3706 1395 3762 loc.
1408 3705 1539 3763 Fellows.
1552 3705 1604 3762 ubi
1616 3723 1697 3780 supr.
1711 3725 1759 3781 pp.
1771 3702 1839 3768 469.

450 3801 557 3858 orellus
585 3802 663 3878 apud
690 3803 878 3879 Walpolium‚
906 3805 1024 3868 Travels,
1053 3815 1117 3872 eto,
1170 3824 1207 3862 ss.
1248 3804 1378 3880 Repetiit
1395 3804 1522 3861 laborem
1537 3805 1583 3860 vir
1606 3803 1711 3861 doctus
1726 3804 1758 3860 in
1772 3803 1840 3860 libr.

452 3903 556 3975 part.
593 3901 708 3958 Exinde
718 3902 895 3960 Letronnius
906 3912 936 3960 et
947 3903 1117 3961 Grotesend.
1170 3901 1496 3978 Sprattian.loo.notat.
1556 3900 1639 3958 Cous.
1655 3899 1838 3976 quoquedis-

450 3999 481 4054 in
496 3998 566 4055 locis
580 4019 596 4056 a
610 3999 731 4056 Franzio
743 4001 877 4058 indicatis
891 4002 920 4057 in
935 4001 1071 4059 lemmate
1083 4001 1120 4058 ad
1169 4001 1356 4058 tertationem
1381 3999 1551 4058 Grotefendi
1572 3999 1772 4076 inZeitsclrrifl
1781 4000 1841 4074 fiir

451 4117 478 4152 n.
501 4095 585 4156 4306.
634 4098 812 4173 Nuperrime
833 4099 989 4156 ediderunt
1008 4101 1117 4176 Sprett
1170 4101 1213 4160 die
1222 4099 1606 4173 KandedasMorpenlandau
1617 4097 1672 4154 vol.
1683 4115 1725 4154 1v.
1734 4117 1762 4174 p.
1773 4101 1838 4161 293.

451 4205 481 4252 et
496 4196 610 4253 Forbes.
629 4197 742 4254 Traveb
760 4198 896 4273 inLysia,
914 4200 985 4256 Tab.
1012 4203 1117 4274 palo.
1208 4201 1219 4232 ⁸
1241 4197 1335 4254 Video
1356 4197 1410 4254 hoc
1428 4195 1638 4273 quadamtenus
1652 4195 1788 4254 effectum
1807 4197 1836 4252 in

453 4295 525 4352 Dedi
546 4295 607 4371 ipse
622 4295 699 4352 infru
716 4295 793 4354 inter
813 4297 870 4354 ulie
890 4297 1117 4375 Limyrensium,
1169 4297 1235 4356 libr.
1248 4298 1369 4374 Spreta,
1382 4297 1470 4354 titulo
1480 4296 1609 4373 bilingui
1624 4297 1710 4354 alooo
1720 4297 1837 4371 Leucesy
