3994 5242
132 523 241 568 mccx.
257 505 401 588 ecaxvn]
668 500 1006 568 ANTIPHELLUS.
1489 505 1530 571 21

206 695 279 768 IV.
311 693 519 794 Pricdfdtu.
583 690 764 768 Convenit
797 693 1002 767 luculenter
1028 717 1112 768 cum
1141 683 1352 790 ἠργάσατο,
1378 704 1420 768 ιιι
1444 719 1528 770 cum

133 809 341 912 ἐποιήσατο
366 819 405 892 in
431 819 647 918 Limyrenri‚
673 820 733 893 cui
756 822 869 894 verbo
898 845 973 894 non
1001 820 1094 894 nihil
1124 821 1369 896 similitudinis
1394 821 1529 897 habere

132 951 258 1012 censet
277 939 482 1038 Sharpius²;
507 939 660 1037 proinde
678 940 819 1014 coristis
841 940 970 1014 mediis
988 941 1252 1015 accensendum
1270 967 1356 1016 esse.
1408 943 1529 1040 Atqui

132 1057 334 1132 videndum
348 1072 403 1132 est
415 1083 536 1133 annon
549 1059 697 1157 propius
709 1061 901 1134 accesserit
911 1060 958 1133 ad
968 1061 1137 1135 Latinum
1145 1061 1304 1161 paravit,
1312 1064 1526 1140 Graecorum

133 1173 352 1280 ἐπεράνατο.
408 1183 469 1260 Sic
486 1196 524 1257 et
542 1184 763 1284 prindfdutu
788 1184 907 1284 (quod
925 1185 1008 1258 vide
1027 1187 1074 1258 sis
1091 1187 1299 1262 mendosius
1317 1173 1528 1287 expressum

132 1311 169 1381 in
195 1309 364 1383 Fellows.
393 1311 465 1383 tab.
485 1311 542 1384 36.
568 1336 602 1382 n.
620 1309 674 1408 5.)
702 1310 794 1384 mira
817 1310 956 1384 ratione
982 1312 1151 1408 congruit
1175 1337 1258 1386 cum
1288 1303 1526 1410 ἐπεράναντο.

132 1431 216 1505 Hoc
235 1443 363 1506 notatu
375 1433 626 1531 dignissimum
639 1445 703 1521 est,
717 1457 830 1528 quum
843 1445 949 1507 extra
966 1432 1228 1507 dubitationem
1243 1447 1363 1531 ponat,
1378 1445 1526 1508 eatenus

133 1553 271 1647 saltem,
290 1554 400 1626 simili
426 1554 505 1651 lege
533 1578 575 1628 ac
601 1555 641 1625 in
659 1553 820 1626 Zendica
836 1553 1042 1652 linguisque
1060 1555 1193 1628 nostris
1211 1554 1370 1628 classicis
1386 1579 1527 1652 compa·

133 1683 247 1746 ratam
266 1673 378 1746 fuisse
396 1674 591 1747 verborum
608 1672 706 1770 apud
723 1673 855 1771 Lycios
872 1673 1076 1747 flexionem.

208 1793 444 1870 Conferenda
462 1794 604 1869 suntad
617 1795 827 1893 ampliorem
840 1795 1117 1870 illustrationem
1125 1797 1277 1896 gildscttu
1289 1797 1328 1870 in
1341 1797 1526 1872 Fellows.⁰

132 1927 168 1988 et
181 1915 338 2014 qitdfdte,
356 1941 438 2012 quae
463 1915 510 1990 ud
534 1940 692 2013 praesens
718 1914 901 2011 quoddam
925 1915 1127 2016 gitdwdeme
1151 1929 1332 2002 revocant,
1351 1929 1393 1991 ut
1402 1918 1527 2018 prind-

122 2037 208 2134 sdtu
234 2035 282 2110 ad
300 2033 519 2136 princificum
543 2047 581 2108 et
605 2035 708 2110 trodo
733 2033 779 2108 ad
806 2035 971 2110 tddctme'.
1023 2036 1162 2110 Contra
1183 2035 1262 2110 haec
1279 2062 1393 2134 pauca
1410 2037 1527 2112 habeo

132 2183 213 2254 quae
231 2159 410 2255 objiciam.
462 2159 610 2232 Eminet
635 2157 715 2245 hoc,
733 2157 832 2254 quod
858 2159 897 2230 in
924 2159 1091 2232 omnibus
1120 2157 1286 2232 desidero
1303 2160 1415 2258 magis
1432 2187 1526 2234 com-

131 2280 250 2376 posita
267 2278 467 2352 secundum
484 2279 695 2378 analogiam,
712 2303 770 2352 ex.
785 2303 814 2352 c.
830 2278 1003 2378 gitdfdmi
1017 2293 1058 2352 ut
1074 2281 1111 2352 in
1127 2279 1371 2364 Shanscritico
1385 2282 1430 2355 ab
1447 2283 1527 2380 ipso

134 2407 291 2504 Sharpio
307 2407 425 2493 allato,
443 2405 646 2498 dadlamit,
664 2404 764 2501 quod
790 2404 909 2477 statim
936 2403 983 2477 ad
1005 2397 1131 2498 τίθημι
1155 2402 1266 2490 ducit,
1284 2415 1321 2476 et
1347 2404 1384 2476 in
1410 2429 1525 2503 genus

132 2534 177 2606 ad
211 2531 387 2606 familiam
418 2532 630 2608 Graecorum
657 2529 696 2601 in
729 2555 772 2621 μι
800 2529 1014 2601 exeuntium
1042 2551 1124 2623 quae
1155 2526 1245 2600 adeo
1274 2525 1525 2602 Shanscriticis

132 2667 348 2752 congruunt.
400 2654 527 2738 Immo,
551 2650 641 2748 quid
657 2661 757 2723 vetat
779 2673 825 2722 ne
846 2650 1094 2748 excogitemus
1113 2647 1285 2749 prindrai,
1308 2647 1407 2744 quod
1432 2674 1526 2723 com-

132 2779 315 2876 paraveris
342 2802 425 2852 cum
455 2769 626 2873 πέρνημι,
657 2787 694 2848 et
723 2774 895 2873 syllabam
914 2775 964 2873 fd
991 2786 1111 2848 ortum
1140 2773 1274 2847 ducere
1300 2798 1475 2871 ponamus
1505 2801 1526 2848 a

134 2899 290 2973 flexione
321 2900 426 2973 verbi
458 2899 582 2996 ipsius,
616 2898 727 2996 idque
762 2899 887 2995 quum‘
909 2889 1069 2993 πέρνημι
1099 2897 1274 2996 originem
1309 2897 1441 2972 debeat
1473 2925 1525 2974 ra-

133 3019 204 3093 dici
237 3020 334 3093 unde
362 3030 417 3092 tot
446 3019 515 3092 alia
544 3043 626 3116 quae
660 3042 847 3092 recensere
880 3018 1063 3115 pergimus
1098 3017 1296 3092 secundum
1326 3020 1525 3118 analogiam

132 3141 369 3216 formantur‘?

205 3262 358 3336 Prosero
384 3261 423 3334 in
447 3262 571 3358 primis
592 3260 829 3337 Shemiticum
852 3261 935 3331 872
951 3260 1055 3333 ferax
1079 3259 1193 3332 instar
1218 3261 1378 3333 omnium
1404 3261 1524 3357 prolis.

134 3385 279 3460 Exinde
293 3399 372 3460 crta
384 3387 529 3460 Persica
540 3419 593 3496 ...χ
601 3444 608 3474 ,
620 3386 760 3480 scitum,
770 3389 856 3463 scite
869 3385 1089 3470 elaboratum,
1108 3385 1185 3493 &gil
1199 3385 1258 3457 vel
1271 3385 1356 3492 ιρι,
1374 3385 1524 3481 Creator,

133 3512 256 3619 jugit,
273 3511 407 3586 creant).
459 3511 504 3583 In
520 3511 577 3584 his
595 3513 830 3586 antecessoris
849 3511 1000 3586 Zendioi
1018 3510 1170 3608 vestigia
1192 3509 1343 3584 fortasse
1367 3526 1450 3586 sunt
1468 3539 1525 3612 ag·

133 3633 323 3707 noscenda.
378 3632 418 3707 Si
435 3632 481 3706 ad
497 3633 668 3706 Latinum
691 3634 871 3732 respiciam,
895 3633 1007 3706 habes
1027 3657 1120 3732 puro
1140 3632 1200 3730 (ut
1227 3643 1333 3704 antea
1356 3631 1523 3730 dictum),

129 3753 243 3850 pario,
255 3753 407 3854 murus,
418 3754 592 3855 princeps,
603 3781 682 3855 pro,
701 3781 781 3852 quse
799 3755 971 3833 aGraecis
988 3755 1112 3828 lumen
1135 3750 1288 3849 amplius
1305 3750 1524 3846 fenerantur,

171 4021 185 4051 ¹¹
199 4013 280 4073 Vide
292 4017 367 4074 obss.
377 4016 431 4074 ubi
444 4036 524 4094 supr.
538 4037 568 4094 p·
578 4019 643 4077 480.
852 4019 921 4080 517.

172 4125 187 4155 ⁰
201 4117 285 4174 Cous.
305 4117 363 4174 vol.
375 4134 406 4174 ιι.
428 4119 485 4175 tab.
500 4120 548 4176 20.
567 4118 620 4175 ccl
631 4120 658 4175 4.
673 4137 700 4174 v.
712 4115 758 4176 36.
773 4125 803 4175 et
892 4111 904 4143 ⁸
919 4117 1002 4176 Obrs.
1016 4137 1044 4194 p.
1059 4119 1125 4175 482.
1138 4118 1208 4176 ibid.

136 4235 179 4273 vv.
192 4215 242 4279 57.
257 4213 362 4276 filos
892 4221 902 4251 ¹
920 4217 1003 4274 Conl'.
1024 4216 1149 4275 Passow.
1171 4217 1317 4276 Euchirid
1335 4217 1386 4279 Gr·
1413 4217 1469 4276 vol
1490 4235 1520 4276 11.

174 4313 283 4372 ’Ocni
297 4312 402 4391 Shnrp·
415 4314 490 4372 obss.
504 4315 557 4372 ubi
577 4333 655 4392 supr.
674 4334 722 4392 pp.
736 4317 804 4374 482.
853 4335 880 4392 p.
895 4314 961 4375 600.
976 4335 1000 4374 ιι.

199 4427 316 4473 mele.
333 4429 383 4473 ΙΙΙ.
812 4431 833 4474 D
