4028 5258
157 563 405 646 msamcnxxr]
794 551 946 621 LIBYA.
1485 559 1546 626 365

155 746 313 843 scriptio
327 744 422 820 conf.
436 742 621 819 Dionem.¹¹
654 745 743 819 Erat
756 743 935 819 Hadriani
944 745 990 819 ab
1004 745 1175 842 epistolis,
1187 759 1225 819 et
1237 747 1284 820 ob
1297 745 1391 820 hane
1403 771 1545 822 oausam

154 867 303 942 sortasse
329 868 376 941 ab
397 890 441 940 eo
458 868 621 964 AEgypto
644 862 852 963 praefeotus¹.
904 864 988 937 Hoc
1006 864 1142 962 excipit
1164 866 1300 938 mentio
1318 866 1546 966 Epistrategi,

153 1001 194 1062 ut
207 1013 317 1085 supra
329 989 368 1060 in
382 1007 550 1064 cooaxrv.
565 997 602 1058 et
619 1009 702 1080 seq,
720 983 766 1059 de
784 1007 857 1080 quo
877 985 1089 1082 magistratu
1105 983 1199 1058 conf.
1220 985 1317 1059 dicta
1334 987 1372 1058 in
1390 1009 1544 1062 coouxv.

152 1121 225 1182 not
244 1108 636 1183 k.etcconxxxvr1.5.
654 1127 812 1182 cccxcu.
828 1107 863 1178 2.
881 1127 1051 1180 cccxcw.
1072 1107 1103 1177 2.
1156 1103 1379 1203 Adpellatio,
1399 1108 1492 1181 siout
1509 1119 1546 1181 et

154 1220 381 1328 Στρατηγός,
398 1230 500 1304 venit
516 1229 562 1303 ad
582 1231 820 1327 Imperatores
838 1253 887 1301 ex
904 1228 1063 1326 Lagidis,
1081 1229 1145 1324 qui
1163 1229 1310 1306 Graecos
1337 1254 1487 1330 semper,
1506 1244 1547 1306 ut

152 1356 336 1427 Romanos
362 1353 405 1427 iis
432 1351 679 1438 succedentes,
699 1351 746 1424 ad
770 1375 921 1424 munera
946 1351 1199 1449 epistrategica
1223 1353 1391 1427 obeunda
1407 1353 1547 1452 delege-

152 1487 248 1548 runt.
303 1473 459 1550 Causam
487 1475 572 1548 satis
595 1474 763 1546 idoneam
790 1471 908 1546 adfert
929 1475 1188 1547 Letronniusmz
1217 1472 1291 1548 Les
1307 1453 1548 1574 Epistrutdyes

152 1591 754 1706 aramuscmfadetaforcaarme‘e
769 1594 1022 1670 damosacum
1038 1595 1097 1670 das
1114 1595 1198 1670 uois
1211 1594 1363 1694 mandes
1378 1594 1547 1670 ditatura

151 1715 194 1791 de
208 1714 377 1816 Iqupra
394 1715 440 1790 les
456 1713 667 1815 Empereurs
687 1726 804 1792 sorau
829 1715 1012 1815 eqobamaut
1027 1715 1104 1790 saia
1120 1716 1163 1790 de
1184 1740 1226 1790 ua
1244 1717 1367 1816 oonfier
1383 1741 1435 1792 ces
1447 1717 1547 1816 sorta·

151 1834 239 1912 tione
256 1832 345 1932 qu’d
362 1833 422 1908 des
438 1833 587 1908 tamma
604 1833 783 1934 qu'auouu
799 1833 923 1908 iuerat
937 1833 1141 1910 a’auaatait
1156 1859 1206 1908 αα
1214 1859 1320 1934 pays.
1354 1833 1547 1928 Quomodo

150 1953 230 2028 haeo
244 1953 290 2027 de
302 1952 410 2028 officii
426 1952 536 2050 hujus
553 1953 761 2028 conditione
773 1954 894 2028 verbis
906 1954 1115 2053 Geographi
1132 1955 1311 2028 inlustris¹¹
1321 1955 1547 2030 concilianda

150 2087 237 2151 sunt
254 2097 381 2172 parum
400 2073 485 2160 scio,
504 2073 574 2146 nisi
596 2073 677 2168 quis
700 2071 837 2146 dixerit
861 2071 964 2167 loqui
988 2095 1055 2170 per
1078 2071 1383 2169 comparationem
1403 2073 1546 2148 Strabo

150 2217 246 2280 nem,
272 2191 337 2288 qui
354 2192 463 2290 paulo
480 2204 562 2265 aute
580 2191 792 2264 meminerat
817 2190 1003 2288 dignitatis
1024 2191 1132 2290 longe
1159 2193 1342 2290 amplioris
1366 2195 1544 2271 Praeseoti.

149 2315 333 2389 Nimirum
353 2314 474 2412 Caput
490 2313 551 2388 hio
575 2325 653 2387 erat
669 2325 802 2387 cuncta
818 2312 1006 2408 ordinans;
1033 2315 1156 2406 ceteri,
1175 2315 1405 2413 Epistrategi,
1429 2317 1544 2415 iisque

150 2430 387 2518 subordinari,
408 2431 574 2530 Strategi,
593 2431 656 2528 qui
681 2432 721 2504 in
746 2430 1055 2505 administratione
1073 2429 1173 2504 civili
1196 2433 1397 2508 Nomorum
1414 2437 1547 2510 versati

150 2569 246 2646 sunt,
264 2554 464 2632 secundum
478 2554 647 2629 mandata
663 2555 709 2628 ab
722 2579 766 2628 eo
783 2553 954 2652 profecta,
971 2546 1237 2652 (διατάγματα,
1255 2550 1545 2656 προστάγματα,

149 2677 188 2750 in
214 2699 344 2754 ouxrv.
363 2701 392 2750 a.
411 2679 447 2750 3.
474 2699 587 2752 cuxv.
610 2674 675 2772 1.),
692 2701 843 2750 munera
860 2700 926 2750 sua
942 2676 1103 2750 obibant.
1156 2677 1330 2774 Sequitur
1349 2679 1545 2781 Strategus,

152 2798 258 2894 eujus
273 2819 407 2871 nomen
425 2821 473 2870 ex
491 2795 665 2869 Romanis
683 2794 794 2869 fuisso
812 2818 964 2870 censeo:
983 2807 1110 2870 contra
1127 2795 1270 2872 doctiss.
1289 2801 1461 2875 Letronn.
1481 2806 1544 2902 qui

189 3044 201 3078 ¹
217 3042 286 3102 Scit
297 3059 382 3102 nxxr.
393 3045 441 3102 22.
452 3041 526 3102 med
539 3039 572 3100 ὀ
585 3038 610 3100 ti
622 3039 650 3105 tt
661 3041 773 3107 Κάσσιος
784 3042 824 3118 (is
912 3040 920 3075 ¹
935 3040 1017 3100 cons.
1037 3039 1170 3117 exemplu
1192 3059 1210 3097 a
1230 3039 1390 3098 Letronnio
1409 3051 1546 3118 congesta

149 3159 263 3218 nempe,
291 3141 344 3217 qui
370 3140 401 3197 in
425 3160 471 3198 an.
498 3156 550 3198 xv.
574 3141 614 3197 M.
635 3139 754 3198 Aurelii
776 3158 823 3198 ras
872 3139 1005 3198 virorum
1018 3139 1218 3198 litteratorum
1238 3139 1274 3199 ad
1289 3139 1345 3198 hoo
1357 3141 1488 3198 muneris
1508 3143 1544 3202 ab

149 3259 239 3299 novas
258 3239 290 3297 in
309 3238 396 3317 Syria
408 3239 530 3296 molitus
543 3238 602 3312 est)
613 3233 769 3316 'Haralcr'gw
783 3261 822 3294 τι·
872 3238 966 3315 Impp.
980 3237 1169 3307 delectorum,
1184 3237 1300 3296 exlooo.
1315 3237 1497 3310 Philostrati,
1512 3241 1543 3299 in

150 3339 198 3412 vlf,
210 3341 352 3410 ὶγαποτὸς
373 3342 404 3402 οἷς
422 3334 465 3400 τὶν
480 3341 521 3402 τῆς
540 3335 677 3409 Atalmo
691 3335 821 3411 ἧγιμαίοα
871 3355 899 3412 p.
915 3337 979 3395 130.
999 3355 1030 3394 u.
1050 3356 1072 3395 s.
1114 3335 1216 3394 Addat
1238 3336 1364 3394 inlustre
1385 3355 1422 3395 ex
1438 3335 1543 3395 Roma·

148 3437 318 3518 ὶξῖμταςίις
338 3441 461 3517 §areanis
480 3439 701 3516 rennuentem,
720 3437 770 3501 ια’ὶς
786 3431 821 3498 iis.
871 3452 978 3491 norum
1001 3453 1133 3504 numero,
1148 3434 1375 3510 Tranquillum
1396 3434 1541 3513 spartian.

149 3539 289 3599 Ceterum
303 3537 488 3596 emendatum
496 3537 583 3595 velim
594 3537 647 3595 loo
656 3537 686 3594 in
698 3553 782 3594 nxrx.
792 3539 820 3596 3.
871 3531 1016 3590 Hadrian.
1031 3549 1074 3590 xr.

148 3647 216 3716 post
228 3657 266 3696 m.
280 3634 319 3695 ‘¹0
333 3659 360 3694 τι
378 3635 506 3702 Δαιῖαας
522 3640 582 3712 πρὶς
602 3639 642 3692 τὶν
663 3636 744 3692 αὐτοῦ
761 3631 821 3692 ilias
909 3633 1053 3704 “RoeuaZ
1065 3642 1109 3692 etc.
1124 3631 1161 3690 ad
1174 3651 1203 3690 n.
1214 3648 1348 3691 XXXVIII.
1361 3651 1390 3709 p.
1404 3635 1471 3693 420.

147 3733 309 3817 ‘Hau'lugaa
326 3750 389 3792 aaa.
426 3735 569 3805 Hio,meo
583 3733 723 3812 periculo,
738 3753 821 3810 repo-
909 3742 923 3768 ¹
937 3734 1006 3794 Soil.
1027 3750 1102 3792 ινα.
1120 3737 1144 3791 l.
1158 3751 1186 3810 p.
1206 3735 1273 3793 433.
1296 3732 1330 3790 Τ.
1352 3735 1430 3792 Κατὰ
1452 3730 1477 3792 δὲ
1498 3737 1540 3798 vlu

147 3856 201 3896 ms
226 3855 281 3914 pro
305 3837 385 3894 αὐτοῦ
408 3832 477 3904 θαι,
500 3830 632 3892 'Aonidum
674 3833 821 3891 Discimus
870 3830 957 3912 χᾶμα
977 3830 1176 3909 &turpavimus
1190 3830 1259 3893 ταὶς
1277 3833 1323 3888 κατ’
1342 3831 1475 3909 reprimo,
1495 3839 1542 3891 nal

147 3953 246 4013 porro,
258 3933 451 3992 Heliodorum
460 3931 676 3992 fuissetcridam
680 3931 823 4007 privatum
872 3931 992 4013 ἶθαίρχας
1014 3931 1186 4005 καλαμίνους
1203 3925 1541 4009 ἄποδοίξαοτοςωοωτιώ)

147 4031 307 4114 (Ismaris,
317 4033 352 4090 ab
362 4031 492 4107 tpudlolt't)
506 4029 650 4088 Hadriani
661 4046 667 4086 τ
688 4027 753 4086 ideo
763 4028 821 4086 for·
871 4031 1034 4112 oepaeypcr'rm
1050 4031 1078 4088 ori
1091 4029 1214 4105 μογᾶλαν
1224 4027 1367 4088 lateranis
1378 4030 1540 4108 ἧξααμίαυς.

147 4133 417 4212 tassisproefeotura
424 4131 548 4209 AEgypti
556 4129 718 4206 dignatum.
738 4127 821 4188 Cous.
872 4129 954 4189 Cous.
969 4129 1115 4188 Memnon.
1128 4143 1250 4187 ouoxcu.
1263 4130 1291 4186 2.

148 4236 224 4295 οἶαι
234 4234 314 4294 Ietr.
328 4252 359 4290 u.
369 4251 390 4290 a
406 4251 454 4309 pp.
471 4233 535 4291 130.
549 4249 587 4289 ss.

213 4351 337 4398 rescia.
352 4349 403 4394 111.
826 4322 883 4389 dn
