3994 5244
471 523 534 588 270
876 519 1229 590 INSCRIPTIONES
1244 520 1438 588 GRAEOAE.
1552 521 1674 611 [susos.
1683 541 1880 590 ccccxxxv.

469 737 543 808 quo
570 733 755 784 versamur
783 711 941 786 visentes
970 735 1097 786 manus
1123 710 1316 806 injuriosas
1343 707 1443 784 haud
1464 708 1692 802 abstinuisse,
1720 735 1803 807 qua
1830 711 1878 784 de

467 859 575 908 causa
600 831 744 905 difficile
767 830 878 906 fuerit
898 831 1083 930 expedire,
1101 832 1173 908 nisi
1197 845 1238 906 ut
1264 831 1489 904 minueretur
1512 829 1781 904 transvehendi
1801 857 1877 906 mo

469 955 582 1028 lestia

956 1133 1265 1211 CCCLXXXV.
1291 1157 1328 1209 u.

766 1319 1558 1392 Arnueurucsmemuouermnsuo

770 1440 1447 1515 ΝΟΟΙΔΗΤΗΟΤΟΠΡΙΝΕΠΥΝΘΑ
1669 1507 1673 1516 .

850 1558 1568 1632 ΝΟΜΗΝΝΥΝΔΕΠΑΡωΝΕΜΑΘΟΝ

675 1716 869 1820 Αὖδὴεντά
887 1753 948 1817 σε,
970 1719 1141 1820 Μέμνον,
1161 1717 1235 1824 ἐγὼ
1255 1719 1430 1802 Πανδίων
1450 1724 1470 1802 ὁ
1491 1720 1650 1824 Σιδήτης

718 1848 774 1932 Τὸ
793 1853 884 1955 πρὶν
904 1847 1179 1953 ἐπυνθανόμην,
1201 1859 1268 1930 νῦν
1287 1849 1327 1930 δὲ
1346 1848 1476 1955 παρὼν
1489 1852 1639 1952 ἔμαθον.

527 2041 718 2138 Descripta
727 2037 773 2112 de
784 2039 929 2112 sinistro
939 2063 1055 2124 crure,
1067 2063 1180 2136 prope
1192 2037 1366 2112 verticem
1377 2038 1867 2136 praegressi,n.occnxxxn1.

467 2159 646 2234 Proedicot
662 2157 810 2257 quidam
825 2157 999 2258 (Panonl
1016 2155 1183 2231 Panion?
1199 2157 1270 2246 vel‚
1286 2156 1387 2254 quod
1403 2157 1634 2254 praetulerim,
1649 2158 1868 2254 Pandion?)

466 2281 556 2355 civis
576 2279 747 2366 sidensis,
766 2303 804 2352 se
828 2277 1081 2352 advenientem
1106 2289 1143 2350 et
1165 2277 1427 2352 auscultantem
1451 2275 1621 2351 didicisse
1645 2278 1747 2374 quod
1774 2281 1870 2356 fama

467 2401 573 2474 toties
590 2397 787 2483 audiverat,
801 2399 1036 2472 Memnonem
1053 2421 1131 2471 esse
1148 2420 1187 2469 re
1206 2421 1292 2470 vera
1309 2396 1483 2470 vocalem.
1535 2398 1665 2472 Pressa
1681 2423 1772 2472 sane
1790 2399 1869 2474 haec

467 2532 504 2592 et
521 2517 690 2606 dilucida,
708 2518 860 2615 viroque
877 2516 977 2590 haud
994 2517 1216 2612 ultraquam
1235 2541 1300 2614 par
1317 2515 1387 2590 fuit
1403 2517 1553 2590 credulo
1571 2517 1700 2616 digna!

533 2639 689 2737 Reperio
715 2639 811 2713 inter
837 2638 1085 2726 Pocockianc⁰‚
1113 2653 1221 2736 atque
1248 2639 1347 2714 edita
1372 2664 1393 2713 a
1418 2642 1593 2714 Letronn.
1612 2665 1661 2713 ex
1680 2641 1867 2717 Saltianis.

467 2766 591 2838 Habet
606 2761 646 2840 S.
666 2763 705 2835 in
726 2767 755 2834 1„
773 2762 850 2834 init.
869 2769 1006 2850 ΕΝΤΑ,
1025 2761 1111 2835 dein
1137 2763 1174 2835 in
1208 2766 1289 2836 1-2.
1310 2768 1531 2850 ΠΑΝ...Ν,
1555 2761 1656 2860 quod
1680 2761 1805 2837 reficit
1820 2763 1866 2837 L.

468 2879 627 2976 Πανίων,
646 2913 667 2961 a
683 2887 789 2963 Paac
811 2887 1006 2962 formatum
1033 2887 1128 2960 sicut
1153 2875 1361 2984 Σαραπίων,
1379 2901 1447 2962 etc.
1474 2886 1592 2962 adiis.
1644 2887 1762 2960 Intuli
1790 2890 1866 2987 ipse

467 3009 641 3091 Πανδίων
659 3041 708 3090 ex
726 3016 888 3114 vestigiis
906 3038 988 3110 quae
1013 3013 1122 3087 obvia
1147 3012 1339 3088 credebam
1366 3013 1497 3088 litterae
1514 3018 1548 3086 Δ
1565 3013 1604 3086 in
1624 3011 1706 3085 fine.
1764 3013 1866 3112 syni-

465 3145 557 3216 zesis
574 3154 630 3216 est
642 3141 822 3216 vocalium
844 3167 856 3212 ι
873 3151 911 3212 et
927 3165 966 3224 ω,
983 3163 1092 3235 quam
1110 3139 1149 3211 in
1167 3137 1401 3212 schediasmis
1418 3137 1629 3234 hujusmodi
1645 3162 1691 3210 ne
1709 3139 1864 3212 mireris.

467 3270 528 3344 Sic
541 3268 750 3341 coalescunt
768 3275 832 3339 cet
844 3291 868 3336 α
884 3264 1129 3339 incocnxxrv.
1142 3265 1174 3335 5.
1193 3285 1322 3338 cccxc.
1341 3265 1371 3335 1.
1408 3265 1453 3336 In
1466 3265 1499 3336 2.
1513 3261 1560 3336 Ρ.
1576 3268 1865 3346 ΠΡΙΜΕΠΡΝΘ,

464 3389 547 3462 stilo
576 3387 683 3460 nimis
716 3385 859 3471 festino,
886 3395 924 3456 et
956 3383 996 3455 in
1030 3383 1065 3456 3.
1096 3387 1225 3456 ΛΙΙΤΝ
1245 3387 1694 3470 .ΠΑΡΑωΝΕΝΑΘΟΝ,
1727 3383 1865 3481 OEdipo

463 3505 592 3602 digna!
646 3505 703 3576 De
724 3499 809 3578 Side
827 3497 920 3574 conf.
940 3500 1039 3572 Fasc.
1055 3521 1094 3572 11.
1112 3525 1146 3571 n.
1162 3522 1346 3576 ccxxxm.

963 3783 1295 3860 CCCLXXXVI.
1323 3809 1358 3858 v.

714 3969 1537 4045 ocsvntuuocnaraamorcuxorca

712 4091 1629 4168 ΜΕΜΝΗΟΟΜΑΙΘΕΥΚΑΝΕΜΗΟΙΒΥΒΛΟΙῦ

637 4311 722 4372 ‘Ubi
736 4329 832 4388 supra,
848 4330 875 4382 n.
889 4313 933 4370 15.
947 4311 1014 4368 Loc.
1029 4311 1217 4370 Letrunnian.
1228 4320 1272 4370 est
1285 4273 1316 4368 in
1327 4311 1399 4370 Asu.
1413 4319 1459 4370 etc.
1473 4331 1502 4372 n.
1514 4327 1598 4382 xtuu
1614 4315 1662 4372 40.
