3994 5242
142 535 250 582 rracn.
266 535 441 582 cccxxxix.
457 523 561 604 coxo]
730 517 944 585 MEGISTE.
1494 523 1536 588 57

217 709 279 781 Ex
297 707 457 806 vestigiis
473 707 511 780 in
529 733 561 780 v.
578 711 610 780 1.
629 713 723 782 eruit
747 711 874 784 Franz.
893 700 1030 807 Χρύση
1049 701 1223 804 ‘Petraia
1278 711 1400 788 Credo
1416 714 1537 786 certia-

141 833 273 907 aimum
291 857 370 907 ease
387 832 487 929 quod
503 832 598 922 dedi,
615 835 761 909 nomine
779 838 979 934 composito
996 862 1044 911 ex
1069 828 1219 934 χρηστή
1236 850 1274 912 et
1289 836 1390 930 μαῖα,
1407 837 1537 932 nutrio,

141 957 227 1029 satia
243 969 343 1031 certe
360 956 529 1032 femineo.
579 959 639 1035 Sic
655 959 830 1035 habemus
849 955 1003 1060 Ματρία
1020 988 1084 1037 seu
1103 955 1257 1061 Μητρία
1269 965 1441 1064 (Roman.
1455 965 1537 1042 Ma-

141 1076 257 1175 terna)
269 1077 309 1150 in
320 1079 453 1152 Fascio.
465 1102 490 1153 1.
509 1105 546 1153 n.
557 1103 635 1155 xrv.
691 1083 736 1155 In
750 1107 785 1156 v,
799 1086 832 1156 7.
844 1085 1045 1182 suppletam
1055 1084 1192 1159 habent
1205 1085 1358 1161 studiosi
1370 1086 1535 1163 lacunam

142 1219 224 1290 quae
236 1197 426 1294 exemplar
436 1197 678 1272 Franzianum
696 1199 883 1289 deformat,
894 1226 977 1276 nam
994 1203 1086 1277 illud
1103 1211 1134 1277 Λ
1150 1205 1279 1302 procul
1292 1205 1404 1280 dubio
1417 1207 1537 1282 innuit

142 1313 346 1419 Λιμυρέων.
399 1323 456 1395 De
474 1321 637 1397 clausula
652 1308 705 1394 ὧν
723 1313 910 1424 λήνψεται
922 1335 992 1400 etc.
1004 1325 1096 1400 conf.
1111 1327 1166 1400 tit.
1180 1349 1344 1403 ccuxvn.
1359 1340 1395 1402 et
1410 1353 1509 1426 seqq.

620 1582 860 1660 uncrsun.
912 1573 1060 1680 (ff).

735 1759 888 1838 CCXC.
916 1787 946 1835 a.

216 1915 725 1986 ΣΩΣΙΚΛΗΣΝΙΚΑΓΟΡΑΣ
979 1909 1177 2005 Σωσικλῆς
1197 1901 1405 2009 Νικαγόρα,

217 2041 543 2111 annotentur.
570 2043 725 2111 ,ΗΣΑΣ
977 2025 1129 2128 Σάμιος,
1150 2026 1406 2129 ἐπιστατήσας

219 2165 689 2236 ΕΝΤΕΚΑΣΤΑΒΙΚΑΙΕΠΙ
978 2153 1017 2234 ἕν
1038 2187 1079 2234 τε
1100 2151 1279 2250 Καστάβι
1299 2157 1360 2234 καὶ
1379 2155 1439 2234 ἐπὶ

216 2285 740 2358 ΤΟΥΠΥΡΓΟΥΤΟΥΕΝΜΕ
975 2285 1042 2358 τοῦ
1060 2273 1208 2381 πύργου
1227 2285 1294 2358 τοῦ
1314 2279 1354 2357 ἐν
1374 2281 1453 2358 Με-

140 2408 162 2477 5
220 2411 683 2482 ιιτιΑιεΡιιιΑιιιΡοηΥ
975 2401 1103 2508 γίστρ,
1123 2397 1247 2509 Ἑρμᾷ
1264 2435 1410 2506 προπυ-

217 2536 660 2608 ΛΑΙΩΙΧΑΡΙΣΤΗΡΙΟΝ
975 2527 1070 2634 λαίφ
1085 2525 1345 2632 χαριστήριον.

219 2689 367 2764 Titulus
383 2689 586 2790 descriptus
603 2692 649 2766 de
666 2692 869 2792 fragmento
885 2719 957 2770 arae
973 2697 1107 2770 votivae
1124 2697 1162 2769 in
1180 2696 1353 2794 parietem
1376 2695 1478 2768 illato
1495 2695 1534 2768 iu

138 2811 260 2886 inarrla
284 2812 452 2910 Megisto.
504 2815 593 2888 Erat
618 2812 808 2890 donarium
837 2816 995 2906 Sosiclia
1021 2818 1085 2913 qui
1102 2816 1252 2892 Castabi
1274 2814 1467 2914 praefirerat
1497 2827 1535 2888 et

139 2933 233 3006 turri
247 2931 446 3029 Megisteae‚
461 2933 609 3008 Hermae
625 2935 821 3032 propylaeo.

215 3049 347 3124 Edidit
365 3049 511 3124 Plana*
529 3075 578 3126 ex
604 3051 747 3125 schedia
766 3050 1029 3126 Beaufortianis
1055 3077 1077 3125 a
1106 3051 1265 3126 Mtillero
1281 3051 1409 3138 missis,
1436 3051 1534 3126 adhi-

138 3172 217 3244 bita
233 3170 458 3244 correctione
485 3168 524 3242 in
549 3194 584 3242 v.
604 3171 636 3242 2.
650 3169 730 3242 init.
748 3193 770 3242 a
793 3167 943 3242 Leakio‘
961 3167 1137 3266 prolecta:
1165 3181 1204 3242 at
1220 3168 1314 3241 illud
1330 3175 1360 3242 Σ
1377 3169 1533 3266 insculp-

138 3305 217 3364 tum
248 3287 368 3362 fuerat
390 3286 437 3361 ad
459 3285 521 3360 fin.
539 3313 575 3360 v.
596 3291 629 3361 1.
656 3297 699 3361 ut
728 3285 881 3361 exhibui
907 3287 946 3358 in
975 3310 1057 3360 meo
1085 3287 1295 3384 exemplari.
1347 3287 1470 3360 Habet
1497 3299 1535 3360 et

138 3411 373 3488 ΣΩΣΙΚΛΕΣ
389 3405 427 3479 in
445 3431 479 3478 v.
497 3409 530 3478 1.
548 3405 627 3479 init.
683 3411 842 3478 ΕΠΙΣΤ.
861 3411 987 3478 ΝΣΑΣ
1013 3405 1052 3476 in
1078 3402 1139 3477 fin.
1158 3427 1190 3476 v.
1203 3406 1236 3476 2.
1254 3403 1351 3478 uude
1368 3405 1472 3502 ponit
1494 3406 1533 3478 in

138 3530 294 3604 minuar.
311 3518 594 3617 ἐπιστατεύσας,
612 3541 650 3604 et
668 3534 862 3604 ΚΑΣΤΑΒΙ
881 3530 920 3601 in
937 3528 1030 3602 med.
1050 3553 1084 3602 v.
1100 3531 1132 3602 3.
1169 3529 1254 3601 Hoc
1267 3551 1404 3615 verum,
1423 3553 1533 3626 quan·

138 3679 250 3751 quam
269 3653 461 3730 refinxerit
477 3655 608 3754 ipsein
625 3655 776 3730 minusc.
805 3643 1010 3754 Καστάβῳ,
1039 3655 1149 3728 citato
1177 3651 1361 3728 Diodoro‘.
1413 3655 1534 3729 Addit

176 3843 191 3881 ⁶
207 3844 271 3904 Ubi
284 3863 365 3921 supr.
378 3862 407 3921 p.
422 3841 486 3906 157.
500 3860 530 3900 n.
541 3843 628 3900 4301.
861 3835 934 3908 ἕψοι
943 3833 1073 3912 Ἠμιίίιςι
1111 3835 1188 3893 Dein
1199 3835 1255 3892 sub
1268 3834 1319 3894 fin.
1334 3831 1495 3894 Menullae
1508 3833 1533 3894 dl

176 3949 190 3978 ‘
204 3942 276 4000 Vid.
297 3941 405 4000 Itt'm
418 3959 472 4016 por
483 3939 585 3998 Atiam
603 3939 677 3997 Mt'n.
701 3957 729 4014 p.
746 3939 810 3996 184.
862 3940 892 4001 tls
909 3935 1049 4004 Κιίπιβιι
1069 3933 1186 3993 oletum
1198 3959 1225 3990 ιι.
1236 3947 1265 3991 λ.
1300 3934 1477 3993 Brevissima
1488 3945 1534 3994 ott

137 4043 190 4101 nbi
203 4062 223 4100 ι
235 4039 408 4102 Cockerello
420 4049 572 4118 acceptum
582 4038 688 4098 retulit
700 4037 749 4094 vir
760 4055 811 4096 ex·
861 4035 1011 4094 annotatio
1024 4032 1221 4109 Weaaelingii,
1242 4029 1290 4091 De
1312 4031 1428 4093 oanan
1447 4033 1534 4093 dietat

137 4143 235 4200 imina
859 4134 931 4193 alit:
945 4133 995 4192 sed
1004 4131 1108 4210 procul
1121 4130 1212 4190 dubio
1220 4139 1266 4190 eat
1275 4131 1415 4210 oppidum
1425 4133 1456 4191 iu
1467 4151 1532 4190 noa-

177 4239 278 4300 ‘Scil
299 4237 373 4298 Βῶζ
393 4239 435 4297 H.
457 4255 486 4297 V.
503 4235 551 4298 62.
576 4237 642 4296 init.
656 4235 737 4295 ”Em
755 4231 778 4293 δ’
791 4235 812 4294 ir
861 4239 909 4290 tro
922 4237 1126 4290 memoratum.

140 4341 274 4416 Κιηίβρ
296 4343 339 4404 εἰς
360 4337 507 4420 Xti‘onim
521 4336 597 4414 (soll.
613 4331 736 4412 Curiooe)
755 4333 813 4414 luga·
