3918 5240
474 515 537 580 184
591 523 595 530 '
877 511 1230 580 INSORIPTIONES
1252 510 1446 579 GRAEOAE.
1569 512 1808 602 [massonem.
1823 535 1847 576 a

549 697 737 772 Iudicatur
761 697 833 772 hoc
857 697 939 773 loco
963 699 1114 775 fortasse
1131 699 1345 789 Isia-Solius,
1373 701 1446 776 scil.
1465 700 1535 775 dea
1558 702 1721 776 rediviva
1741 703 1776 776 in
1795 702 1850 778 So

476 817 577 890 thide
590 817 742 917 (Sirio),
755 844 803 893 ex
817 845 891 917 quo
902 847 1017 896 annus
1031 822 1211 918 Sotbious,
1222 827 1327 921 cujus
1337 823 1539 924 symbolum
1554 823 1850 922 hierographicnm

477 953 554 1012 erat
571 940 811 1037 quadratura,
837 943 1121 1038 nuncupabatur.
1176 941 1286 1017 Certe
1306 941 1467 1018 Sothidis
1492 941 1673 1038 quandam
1694 941 1850 1015 rationem

477 1061 589 1136 fuisse
605 1062 765 1137 habitam
785 1063 1008 1161 probabilius
1025 1063 1067 1138 fit
1083 1089 1128 1137 eo
1141 1063 1241 1162 quod
1257 1065 1395 1162 primus
1412 1063 1545 1136 mensis
1562 1063 1648 1136 anni
1661 1060 1851 1160 AEgyptisci

479 1185 587 1258 titulo
605 1183 819 1270 adnectitur,
837 1185 868 1257 is
889 1184 1059 1256 nimirum
1078 1185 1207 1278 inquo
1225 1193 1344 1256 ortum
1361 1181 1541 1256 helianum
1562 1181 1723 1257 Sothidis
1741 1177 1851 1279 (Coni-

478 1307 585 1404 culoe)
601 1307 837 1406 agnoscimus.
890 1307 1045 1381 Constat
1056 1329 1144 1379 vero
1157 1304 1262 1378 deam
1275 1305 1390 1402 ipsam
1407 1301 1576 1376 habuisse
1593 1303 1632 1374 in
1649 1299 1852 1398 mythologia

479 1429 737 1528 AEgyptiorum
763 1428 975 1502 relationem
1000 1427 1321 1526 metempsychosis
1338 1451 1422 1500 cum
1442 1423 1605 1512 Sothida,
1622 1423 1713 1496 adeo
1729 1435 1767 1495 nt
1784 1445 1851 1492 era·

480 1549 575 1634 serit,
598 1571 706 1642 quam
733 1545 822 1634 dixi,
841 1543 1065 1631 Isis-Soliti&
1095 1559 1134 1620 et
1159 1547 1210 1621 sic
1235 1556 1531 1644 representatum
1556 1544 1706 1617 memini
1729 1542 1851 1641 ipsein

479 1667 561 1769 loco
574 1677 737 1738 versatus
749 1663 877 1738 sideris
891 1665 1004 1761 ipsius
1017 1677 1136 1737 ortum
1148 1665 1244 1738 inter
1255 1665 1466 1738 Memnonia
1475 1664 1513 1736 in
1524 1663 1673 1762 planitie
1688 1661 1852 1736 Thebaica

481 1781 592 1896 (will)
610 1802 652 1863 ut
668 1789 801 1864 referat
817 1789 973 1887 speciem
1000 1789 1116 1863 divaes
1168 1789 1258 1862 Ideo
1275 1813 1402 1888 pamm
1425 1789 1527 1862 abest
1547 1788 1637 1884 quin
1655 1785 1851 1861 crediderim

480 1911 551 1984 hoc
575 1911 655 2008 ipso
681 1923 843 2008 tempore
865 1908 977 1983 fuisse
1003 1907 1166 1982 habitum
1190 1917 1410 1981 conventum
1435 1907 1640 2004 Mystarum
1662 1905 1850 1986 Isiacomm,

482 2029 738 2127 Timarchique
756 2030 880 2116 nostri,
898 2029 1011 2126 ipsius
1036 2027 1186 2100 fortasse
1210 2025 1353 2115 sodalis,
1371 2025 1561 2100 donarium
1580 2037 1777 2122 opportune
1792 2022 1850 2094 col·

481 2152 576 2250 legio
595 2149 793 2224 addictum.

555 2272 712 2345 Notatur
722 2282 865 2368 tempus
876 2269 914 2342 in
925 2295 957 2342 v.
973 2273 1018 2357 5.,
1030 2293 1144 2342 annus
1156 2291 1264 2342 xvn1.
1274 2267 1446 2366 Augusti,
1459 2265 1592 2363 Thogitlz
1603 2289 1664 2352 rx,
1677 2265 1745 2338 hoo
1756 2275 1811 2348 est,
1820 2261 1850 2332 in

480 2390 685 2464 calendario
698 2392 953 2484 Romanorum,
966 2392 1013 2466 U.
1026 2390 1066 2466 C.
1084 2395 1105 2463 7
1109 2393 1166 2464 26.
1187 2391 1255 2489 (A.
1271 2388 1412 2485 C.28.),
1423 2412 1504 2462 vrn.
1518 2388 1607 2462 Idus
1620 2387 1849 2486 Septembres.

479 2675 510 2714 11.
525 2660 628 2734 pall.
668 2657 791 2714 Excitat
804 2653 979 2714 Willrinson.
993 2653 1148 2730 infflypt
1200 2654 1284 2711 Dion.
1308 2669 1347 2710 nr.
1374 2655 1417 2717 l9.
1441 2653 1539 2709 subs.
1580 2649 1726 2718 Prodiret,
1749 2648 1797 2705 hac
1814 2663 1851 2702 ra-

480 2753 815 2833 Amiq.v01.1v.p.386.
1200 2756 1288 2824 sione,
1316 2756 1347 2812 in
1371 2754 1461 2812 titulo
1481 2761 1581 2810 nostro
1601 2761 1630 2808 ι.
1643 2735 1672 2810 i.
1688 2755 1851 2810 nucleos

519 2855 630 2913 ”Confi
653 2853 803 2930 Horapoll.
827 2853 908 2910 citat.
935 2852 1150 2910 aWillrinson.
1200 2854 1286 2912 initio
1301 2861 1418 2930 sumpto
1431 2873 1448 2910 a
1461 2851 1611 2910 neomenia
1627 2851 1735 2927 Tloffll
1747 2851 1773 2907 in
1783 2847 1814 2905 U.
1824 2847 1851 2903 C.

482 2954 553 3011 ibid.
565 2973 593 3030 p.
604 2951 671 3016 374.
1201 2955 1277 3021 724..
1290 2963 1328 3022 et,
1340 2960 1478 3029 computo
1486 2961 1615 3026 utroque
1624 2936 1851 3022 dato,Llli'T01

520 3050 621 3108 thid.
636 3069 684 3128 pp.
696 3047 763 3112 371.
778 3049 844 3113 378.
1203 3037 1296 3122 ΚΛΙῙ,
1327 3051 1488 3110 secundum
1514 3049 1671 3108 formulam
1697 3049 1851 3108 exactiorm

521 3159 529 3181 ¹
543 3147 668 3204 Initium
680 3144 729 3202 hic
742 3165 826 3203 sumo
839 3164 856 3202 a
869 3153 999 3220 tempore
1012 3145 1152 3201 interitus
1202 3151 1287 3227 Pupii
1299 3151 1331 3208 in
1346 3151 1392 3208 tit.
1407 3149 1550 3226 proximo,
1565 3169 1593 3205 v.
1610 3151 1654 3208 13.

479 3249 500 3306 J
502 3247 557 3305 ulii
566 3247 696 3314 Caesaris,
708 3244 796 3320 quod,
807 3254 843 3301 nt
848 3253 959 3301 norunt
972 3263 1079 3312 omnes,
1089 3253 1152 3302 erat
1241 3249 1378 3308 Potuerit
1396 3247 1532 3324 equidem
1545 3247 1648 3305 Julius
1661 3254 1766 3314 noster,
1780 3261 1852 3320 quem

481 3347 552 3405 Idus
566 3345 654 3403 Mart.
665 3345 697 3402 in
712 3364 787 3401 anno
796 3345 834 3402 U.
846 3345 878 3402 C.
893 3345 959 3407 710.
972 3345 1025 3420 (A.
1035 3343 1069 3400 G.
1080 3341 1152 3418 44.)·
1201 3347 1313 3423 origine
1328 3346 1428 3403 Graeca
1448 3354 1548 3402 ortum
1575 3343 1665 3401 fuisse
1691 3339 1851 3404 crediderim,

481 3445 567 3503 Diem
586 3443 694 3500 mensis
714 3461 826 3518 appono
840 3440 1000 3500 secundum
1020 3439 1151 3498 calenda·
1202 3446 1239 3503 ud
1259 3445 1398 3523 epocham
1419 3442 1649 3502 Alexandrinum
1670 3435 1853 3500 tantummodo

481 3542 560 3597 rium
582 3538 674 3612 sicam
697 3536 989 3606 Alexandrinorum
1021 3535 1100 3612 quod
1127 3537 1152 3594 si
1202 3543 1383 3620 respexisse3
1403 3540 1731 3618 qnoposito‚evadente
1743 3551 1852 3614 tempore

480 3658 582 3716 vagum
595 3637 787 3704 intellexeris,
799 3635 886 3712 pauci
899 3636 926 3692 ei
939 3635 1064 3694 addendi
1073 3646 1151 3694 sunt.
1201 3637 1250 3696 bic
1269 3648 1378 3708 notato,
1400 3658 1475 3696 anno
1495 3639 1533 3696 U.
1546 3639 1577 3696 C.
1599 3641 1668 3702 741.
1689 3637 1741 3716 (A.
1753 3639 1783 3696 C.
1798 3631 1851 3708 la).

521 3736 639 3814 Epocha
651 3735 854 3794 Alexandrina
866 3734 980 3793 diversa
992 3735 1061 3792 fuit.
1095 3735 1151 3793 De·
1201 3747 1283 3816 patet
1296 3738 1328 3794 in
1341 3737 1444 3795 ordine
1467 3736 1668 3814 chronologica
1683 3737 1776 3794 locum
1794 3731 1851 3791 emi·

480 3839 618 3896 currebat
631 3855 648 3892 a
660 3845 791 3912 tempore
809 3833 888 3891 finiti
908 3833 1084 3910 Lagidarum
1097 3834 1151 3890 im·
1201 3837 1364 3895 nentiorem
1390 3836 1447 3894 sibi
1461 3835 1610 3894 vindicare
1630 3834 1708 3912 quod
1729 3833 1851 3910 sequitur,

480 3937 563 4013 perii,
575 3935 721 3993 exstincta
731 3934 892 4010 Cleopatra,
903 3933 959 3991 hoc
969 3943 1021 4003 est,
1031 3952 1153 3992 amensa
1202 3954 1389 4012 proscynema
1403 3934 1494 4010 Papii.

482 4034 598 4103 Sextili,
622 4031 660 4090 U.
681 4033 714 4090 C·
738 4029 804 4094 724.
825 4031 877 4108 (Α.
900 4032 932 4089 O.
956 4032 1028 4104 30.).
1069 4032 1151 4090 Conf.
