3994 5242
480 541 522 607 62
890 533 1243 604 INSCRIPTIONES
1266 535 1457 603 GRAECAE.
1616 533 1738 624 [rusca.
1748 555 1875 602 ocxcrv.

480 723 711 830 ἐξευρίσκειν
738 717 807 822 τὴν
834 723 894 802 ἐπὶ
923 723 1071 826 Λίμνρα
1098 723 1410 826 πορθμευομένων
1437 715 1506 820 τὴν
1534 719 1657 827 ἀξίαν,
1685 755 1747 804 w.
1767 735 1874 828 5-9.)

480 875 636 948 quorum
663 849 803 945 aliquis,
822 863 941 946 spreta
957 849 1184 924 ordinatione
1207 853 1307 948 justa
1331 873 1440 946 quam
1467 849 1514 922 de
1539 867 1648 948 portu
1673 865 1878 927 statuerant

479 978 708 1075 magistratus
728 963 798 1072 (μὴ
819 963 981 1048 ἀπὸτοῦ
1001 964 1245 1068 συστήματος
1265 971 1329 1066 τῆς
1348 967 1491 1067 λίμνης,
1510 999 1569 1048 vv.
1591 977 1649 1049 14.
1668 977 1730 1074 a),
1749 977 1876 1074 inique

480 1126 586 1200 agere
603 1101 699 1172 inter
715 1097 1020 1171 transfretandum
1040 1096 1407 1196 (παραπορθμεῦσαι,
1421 1123 1456 1171 v.
1473 1097 1553 1198 12.)
1572 1099 1739 1174 audebat.
1778 1103 1877 1175 Dein

480 1221 595 1294 multa
620 1217 803 1314 injuriosis
829 1215 1251 1316 indicitur(vv.17.s.)‚
1279 1221 1384 1316 cujus
1412 1220 1568 1293 semissis
1586 1246 1732 1296 cessura
1757 1238 1816 1298 est
1843 1224 1876 1297 ei

481 1341 545 1437 qui
562 1365 583 1413 a
599 1338 837 1411 fraudulentis
855 1337 1029 1410 damnum
1046 1339 1234 1436 acceperit.

558 1463 702 1535 Titulus
720 1485 738 1535 c
754 1483 902 1532 mancus
920 1460 1029 1532 estin
1046 1463 1173 1556 capite,
1200 1460 1291 1534 adeo
1308 1475 1350 1534 ut
1366 1486 1499 1534 vanum
1516 1461 1610 1535 foret
1626 1461 1716 1558 quid
1733 1463 1876 1562 supple-

481 1583 594 1655 menti
611 1593 761 1654 tentare.
813 1580 1067 1675 Disquiramus
1085 1607 1172 1656 vero
1189 1607 1309 1656 annon
1323 1585 1489 1680 sequenti
1503 1584 1612 1658 modo
1637 1597 1876 1659 connectatur

481 1729 564 1778 cum
582 1727 791 1803 praegresso.
843 1703 888 1774 In
906 1727 940 1775 v.
960 1705 1018 1775 21.
1044 1717 1166 1801 aperta
1183 1717 1239 1778 est
1260 1707 1396 1778 mentio
1420 1705 1528 1790 nauli,
1547 1729 1610 1778 seu
1633 1705 1740 1802 pretii
1762 1719 1876 1780 trans·

480 1827 693 1902 fretationis.
745 1827 829 1898 Hoc
859 1827 1020 1923 suggerit
1046 1825 1135 1921 quid
1162 1828 1276 1902 simile
1298 1827 1470 1901 accidisse
1492 1827 1531 1899 in
1554 1839 1662 1925 portu
1683 1827 1875 1924 Myrorum

482 1947 582 2046 quod
609 1948 646 2020 in
676 1946 863 2045 Smyrnaeo
888 1959 1013 2020 nostro
1041 1949 1163 2045 (Faso.
1181 1971 1220 2021 11.
1249 1975 1287 2020 n.
1303 1951 1408 2047 cxc.)
1427 1948 1714 2046 reprehenditur,
1733 1974 1875 2048 nempe,

481 2073 665 2168 improbos
706 2067 881 2166 quosdam
916 2069 1169 2166 spospondisse
1202 2069 1286 2143 sreti
1319 2071 1569 2166 trajectionem
1602 2071 1770 2144 mercede
1804 2071 1876 2144 alia

480 2223 588 2296 quam
606 2221 687 2292 quaa
704 2221 725 2268 a
741 2195 821 2292 lege
839 2195 1136 2280 constituebatur,
1150 2208 1187 2269 et
1203 2196 1241 2267 in
1259 2195 1329 2270 hoc
1341 2197 1545 2271 constitisse
1562 2189 1874 2291 παραπορθμείαν

481 2321 632 2393 istorum
660 2318 698 2390 in
719 2317 748 2400 b,
772 2340 807 2387 v.
830 2317 887 2387 12.
940 2313 1084 2386 Exinde
1102 2314 1292 2412 collegeris
1310 2338 1382 2402 eos,
1409 2327 1542 2412 praeter
1564 2313 1714 2386 multam
1743 2314 1797 2386 ibi
1822 2315 1874 2386 in·

482 2443 625 2526 dictam,
642 2462 675 2511 v.
691 2439 746 2510 17.
759 2461 798 2522 a,
817 2447 854 2508 et
871 2435 1023 2508 subiisse
1041 2461 1180 2532 poenam
1199 2437 1453 2532 publicationis
1477 2437 1666 2522 bonorum,
1684 2449 1722 2508 et
1738 2435 1784 2508 ad
1801 2436 1874 2510 hoc

482 2574 660 2662 spectasse
687 2581 769 2653 quae
795 2555 944 2628 ineunte
969 2555 1110 2629 tituloc
1131 2554 1390 2629 desiderantur.
1442 2555 1622 2628 Nimirum
1640 2555 1872 2629 venumdatae

481 2686 654 2762 onerariae
684 2705 808 2756 eorum
836 2703 919 2752 cum
948 2680 1042 2752 vasis
1061 2681 1137 2778 (vv.
1159 2683 1237 2753 1-5.
1255 2692 1293 2753 et
1307 2681 1387 2755 7-8.
1407 2667 1701 2776 ἀποπεπραμένα
1723 2679 1872 2779 πλοῖα),

480 2805 545 2881 sed
563 2816 708 2878 cautum
730 2809 807 2872 erat
829 2822 874 2870 ne
897 2797 1030 2892 injuria
1056 2797 1282 2871 afficerentur
1308 2797 1508 2872 transducti
1531 2799 1595 2893 qui
1623 2821 1761 2871 merces
1787 2823 1869 2872 suas

482 2916 599 3026 (ὤνια,
617 2953 649 3000 v.
670 2924 748 3021 11.)
778 2921 864 2996 fidei
893 2922 1109 3020 portitorum
1137 2923 1398 2996 commiserant
1467 2923 1609 2995 Harum
1633 2921 1873 2996 incolumitati

480 3053 696 3156 providebat
721 3050 907 3123 decretum
934 3073 1000 3145 per
1023 3049 1144 3142 verba,
1167 3037 1430 3140 λαμβάνοντος
1458 3036 1598 3124 παντὸς
1626 3036 1761 3136 πάντα,
1792 3041 1872 3119 οὔτι

482 3179 562 3281 (vel
588 3167 668 3250 κατ’
690 3169 789 3270 οὔτι)
811 3166 959 3246 δικαίων
977 3159 1282 3265 ἐμβαλλομένων,
1300 3198 1356 3246 vv.
1378 3175 1507 3246 12-16.

554 3305 779 3376 Memoratur
795 3299 834 3372 in
851 3296 924 3370 fine
942 3296 1050 3395 hujus
1071 3297 1168 3371 tituli
1195 3291 1215 3369 ὀ
1244 3283 1578 3393 προγεγραμμένος
1607 3283 1729 3388 νόμος,
1747 3295 1778 3368 is
1802 3295 1871 3369 for

480 3439 573 3500 tasse
590 3422 654 3519 qui
671 3423 710 3493 in
727 3417 874 3492 decreto
892 3416 989 3491 tituli
1006 3417 1025 3490 b
1042 3431 1141 3489 ratus
1158 3415 1273 3489 sactus
1290 3414 1408 3488 fuerat
1425 3413 1470 3486 de
1490 3413 1666 3498 multa-et
1678 3413 1716 3486 in
1734 3411 1805 3486 hoc
1823 3411 1869 3486 de

481 3543 653 3620 onerariis
670 3537 909 3639 publicandis,
923 3549 990 3610 etc.

556 3666 649 3737 Haeo
674 3663 713 3734 in
737 3684 851 3759 genus
879 3658 1074 3744 statuerim,
1101 3657 1165 3730 aed
1189 3681 1316 3754 parum
1340 3655 1466 3744 fidens,
1484 3655 1619 3753 quippe
1635 3654 1731 3726 inter
1760 3653 1871 3726 moni·

481 3798 603 3861 menta
623 3793 786 3854 versatus
812 3803 894 3876 quas
918 3789 1073 3851 tractatu
1101 3779 1282 3874 asperiora
1311 3791 1396 3850 sunt
1422 3777 1470 3851 ob
1494 3776 1661 3872 injuriam
1689 3773 1870 3872 lapidibus

481 3907 621 3980 factam.
672 3902 825 3978 Juvabit
840 3899 991 3972 sortasse
1008 3899 1252 3972 enucleatiora
1267 3897 1438 3995 proferre,
1450 3910 1488 3970 et
1500 3896 1547 3970 ad
1559 3895 1629 3968 hoo
1645 3919 1703 3967 me
1721 3894 1870 3992 accingo

481 4027 646 4104 instituta
662 4021 854 4095 collatione
872 4019 1068 4117 apographi
1085 4043 1133 4092 ex
1151 4018 1294 4092 schedis
1307 4019 1426 4092 Roscii
1440 4017 1486 4090 de
1501 4014 1753 4112 Bladensburg
1771 4013 1870 4110 quod

482 4143 622 4219 dudum
639 4139 729 4214 mihi
746 4135 1061 4212 commendaverat
1078 4135 1287 4208 Borrellius.

557 4271 602 4344 In
628 4266 657 4340 b.
677 4289 735 4338 vv.
758 4265 841 4336 5-7.
860 4261 1022 4336 decurrit
1038 4262 1080 4333 R.
1100 4261 1744 4335 ΔΙΑΤΟΜΗΟΞΕΥΡΙΣΚΕΙΝΤΗΝ.
1796 4255 1870 4328 Hic
