3918 5240
453 524 515 592 lot
850 518 1203 589 INSORIPTIONES
1225 519 1419 587 GRAEOAE.
1571 523 1840 608 [macmcccxvu.

452 706 521 810 τὴν
538 703 608 812 sc.)
624 703 803 812 τετάρτην
823 705 937 807 θέμιν,
954 729 991 788 et
1008 727 1141 798 nostru
1158 713 1343 788 intellecta
1365 715 1535 788 nimiunn
1553 718 1741 792 occasione
1765 720 1843 816 ipsa

451 837 531 910 ludi
547 837 724 932 cujusque
741 833 958 922 celebrandi,
976 859 1058 931 quae
1074 833 1191 931 prima
1207 845 1284 907 erat
1300 833 1360 906 vel
1377 835 1537 908 secunda
1552 835 1612 910 vel
1638 837 1755 924 tertia,
1773 851 1840 911 etr.

452 982 519 1056 pro
536 957 662 1030 ordine
690 955 861 1052 temporis
888 955 926 1030 in
954 979 1028 1051 quo
1045 953 1230 1028 edebatur.
1283 956 1343 1028 Ex
1367 953 1425 1028 his
1447 955 1499 1030 ita
1524 958 1666 1032 statutis
1684 981 1842 1034 errorem

453 1074 620 1149 Wieneri
645 1071 856 1160 correxeris,
879 1073 943 1169 qui
970 1073 1009 1144 in
1032 1072 1199 1145 versione
1232 1097 1296 1146 sua
1323 1071 1433 1170 hujus
1464 1075 1562 1150 tituli
1589 1075 1711 1150 reddit
1732 1080 1843 1168 verbs

454 1192 602 1294 θέμιδος
620 1185 666 1293 γ’,
679 1197 746 1298 sor
762 1197 815 1272 tlte
830 1196 927 1272 tlird
938 1195 1062 1300 puzal.

529 1325 641 1398 Invv.
655 1325 687 1398 9.
701 1348 727 1397 s.
738 1322 897 1396 notanda
913 1336 998 1397 sunt
1014 1310 1273 1411 ἐκβιβάσαντα
1291 1313 1453 1420 κλήρους
1473 1311 1515 1411 δ’,
1532 1349 1615 1421 quae
1627 1325 1674 1399 ad
1686 1326 1843 1400 litteram

453 1445 564 1519 vertit
580 1445 786 1530 Wienerus,
808 1443 938 1544 Ιιαυὶαρ
963 1457 1094 1519 curun
1110 1442 1202 1541 four
1227 1440 1301 1536 lota,
1330 1443 1430 1540 quod
1456 1445 1576 1542 ipsum
1602 1447 1843 1544 explicatione

454 1565 603 1665 indiget.
647 1565 778 1640 Variat
793 1565 1099 1639 constructionem
1117 1564 1309 1637 Eusebiuse
1327 1564 1366 1638 in
1382 1565 1586 1640 narratione
1605 1591 1670 1641 sua
1686 1567 1733 1642 de
1751 1570 1845 1644 calli·

455 1707 613 1790 martyre
632 1689 819 1778 Blandina,
837 1679 899 1762 διᾶ
908 1687 1066 1762 πολλῶν
1078 1678 1228 1784 κλήρων
1244 1677 1488 1777 ἐκβιβάσασα
1501 1679 1569 1762 τὸν
1583 1685 1844 1784 ἀντικείμενον,

454 1811 519 1884 ubi
537 1808 733 1884 Valesiana
748 1810 813 1882 vix
830 1807 1017 1906 probanda
1033 1806 1129 1882 duco
1147 1807 1207 1880 vel
1222 1806 1261 1879 in
1280 1808 1447 1882 versione
1465 1807 1524 1882 vel
1541 1823 1635 1883 nota
1695 1813 1843 1910 Nempe,

456 1927 601 2003 athletae
617 1925 805 2000 certamini
822 1949 860 2000 se
877 1924 1068 1999 offerentes
1084 1924 1268 1999 commissi
1278 1938 1362 2000 sunt
1371 1925 1528 2002 invicem
1547 1931 1703 2005 sortibus
1717 1931 1844 2020 ductis,

455 2050 566 2146 idque
584 2075 650 2148 per
665 2051 786 2148 paria3
812 2048 938 2148 primo
956 2049 1090 2136 cuncti,
1104 2047 1189 2124 dein
1200 2051 1366 2138 victores,
1379 2051 1495 2128 donec
1506 2054 1675 2129 adunum
1689 2059 1844 2156 aliquem

455 2187 670 2271 perventum
687 2171 796 2245 fuerit
813 2171 931 2268 quiin
948 2171 1077 2244 ultimo
1094 2195 1290 2269 congressu
1307 2173 1495 2247 victoriam
1512 2179 1728 2273 reportabat
1774 2181 1845 2255 Hic

456 2309 534 2373 erat
562 2299 626 2395 qui
653 2297 843 2372 dicebatur
868 2285 1077 2384 ἐκβιβάσας
1102 2285 1264 2391 κλήρους
1288 2283 1461 2385 ἅπαντας,
1485 2301 1546 2374 vel
1575 2315 1616 2375 ut
1643 2301 1843 2393 historicus,

457 2421 579 2520 phrasi
596 2423 742 2510 variata
761 2411 970 2513 ἐκβιβάσας
994 2409 1061 2493 τὸν
1085 2413 1293 2492 ἀντίπαλον
1319 2411 1380 2493 διά
1403 2413 1552 2520 κλήρων
1575 2416 1761 2520 ἁπάντων,
1780 2459 1844 2532 ρον

457 2563 563 2626 sortes
576 2573 690 2625 omnes
703 2561 904 2648 ermperto
917 2541 1142 2620 αάυινςανίοι
1158 2543 1270 2617 ceteri
1286 2567 1374 2617 vero
1393 2537 1554 2644 κλήρους
1566 2542 1632 2647 (sc.
1652 2544 1748 2628 κατὰ
1766 2547 1845 2650 κλ.)

459 2660 507 2766 α’,
527 2661 578 2765 β,
598 2661 647 2770 γ’,
661 2685 740 2760 etc,
758 2683 868 2771 prout
883 2670 921 2743 in
938 2670 1054 2767 prima
1071 2666 1267 2754 sortitione,
1286 2667 1345 2741 vel
1361 2668 1400 2742 in
1416 2671 1531 2768 prima
1548 2684 1586 2746 et
1602 2676 1770 2762 secunda,
1789 2677 1845 2750 vel

457 2797 496 2870 in
513 2795 620 2870 tertia
636 2817 721 2868 cum
738 2791 796 2866 his
813 2791 1016 2888 conjuncta,
1035 2785 1230 2863 vicissem.
1283 2789 1420 2884 Liquet
1443 2792 1556 2890 igitur
1573 2793 1751 2887 Quintum
1769 2823 1845 2872 nos-

459 2931 556 2993 trum
574 2917 760 2990 victoriam
790 2913 1119 3012 prestantissimam
1141 2933 1215 2983 non
1237 2909 1413 3002 retulisse,
1440 2911 1480 2984 id
1509 2911 1609 3008 quod
1634 2914 1845 2988 aWienero

459 3038 539 3134 ipso
556 3034 702 3109 videtur
719 3033 955 3118 intellectum,
973 3030 1042 3103 nisi
1059 3028 1169 3102 fuerit
1186 3027 1314 3102 ultima
1331 3053 1408 3103 sors
1425 3047 1561 3127 quarta

499 3215 660 3276 δβοῙΙουε.
674 3215 727 3274 ubi
741 3234 819 3293 supr.
840 3235 868 3292 p.
884 3214 947 3275 168.
995 3214 1060 3272 Ηοο
1080 3231 1126 3270 or-
1176 3209 1262 3268 oredo
1275 3221 1396 3288 propter
1409 3231 1567 3290 praegressa
1586 3217 1618 3273 in
1637 3214 1845 3293 p.161.13.t.s

459 3328 525 3376 tum
538 3315 665 3374 confusis
673 3315 797 3374 invicem
808 3314 1068 3392 significationibus
1077 3331 1127 3370 vo-
1177 3311 1294 3367 πλιιάιινι
1302 3305 1345 3372 ila
1357 3312 1454 3389 κλάμι
1467 3312 1640 3379 ἔνιβιβιιιιότκ
1648 3319 1689 3372 τὶν
1697 3313 1846 3374 ι’ττῖπιιλιι.

459 3437 528 3476 cum
547 3412 623 3492 Θίμις,
645 3413 715 3490 lipsa.
757 3413 800 3473 Cf.
816 3415 894 3472 Fasc.
909 3423 1032 3472 nostri.
1053 3412 1085 3469 in
1098 3431 1127 3468 n.
1177 3407 1312 3484 Utraque
1325 3417 1402 3468 stare
1416 3421 1521 3488 potest.
1563 3413 1599 3471 In
1612 3413 1675 3473 loco
1688 3417 1787 3492 priore
1798 3435 1847 3493 op·

459 3534 501 3574 ιιι.
515 3513 542 3576 6.
583 3514 662 3572 Hinc
681 3515 713 3570 in
733 3510 848 3572 Sidensi
869 3531 957 3590 supra
977 3512 1075 3580 citato,
1097 3510 1128 3567 in
1177 3506 1249 3566 time
1268 3507 1438 3566 illustratur
1456 3509 1543 3569 lectio
1560 3515 1692 3589 quamin
1705 3525 1844 3576 contextu

460 3635 519 3693 quo
531 3624 562 3673 et
575 3611 639 3688 θήνιι
652 3614 717 3672 obv.
731 3625 784 3684 est,
794 3611 926 3671 videmus
936 3609 1029 3668 odfin.
1041 3607 1129 3678 λαβὸν
1178 3605 1242 3682 ipso
1254 3605 1400 3665 cernimus
1412 3627 1465 3685 per
1474 3612 1721 3671 constructionem
1735 3615 1846 3672 obviam

460 3711 607 3775 tunt..
620 3715 691 3788 άμε,
707 3723 762 3772 etc.
1176 3705 1329 3775 innostro,
1345 3705 1490 3783 debetque
1503 3711 1633 3769 retineri.

500 3817 610 3876 ‘Confi
623 3815 696 3874 Hn'st
710 3815 787 3874 Eccl.
803 3831 832 3872 v.
846 3818 870 3874 l.
883 3814 924 3890 (p.
939 3810 1002 3872 162.
1017 3809 1127 3868 A.Va·
1216 3803 1389 3883 “Aperitur
1402 3817 1466 3866 tota
1478 3809 1514 3867 de
1526 3809 1573 3867 his
1585 3811 1715 3870 sortibus
1729 3813 1847 3871 materia

460 3913 532 3989 les).
573 3911 749 3970 Redduntnr
772 3913 862 3970 verba
885 3907 928 3968 lul
952 3912 1057 3968 πολλῶ
1080 3925 1125 3968 at.
1177 3905 1846 3988 inLuoiuuiHmnotinw‚x1.,adquemloeum

461 4012 551 4071 nauta
571 4011 680 4080 siritu
695 4009 773 4087 qnod
794 4011 855 4068 vim
877 4009 967 4068 diluit
989 4009 1128 4067 orationis
1177 4015 1316 4082 provocat
1328 4007 1464 4066 Valesius
1483 4009 1515 4066 in
1530 4019 1600 4067 nota
1619 4009 1684 4084 ejus
1704 4011 1742 4068 ad
1761 4013 1847 4071 verbo

461 4112 640 4172 Eusebianos.
661 4109 740 4166 Nota
747 4108 859 4167 Valesii
868 4109 898 4165 in
909 4127 937 4185 p.
949 4109 996 4172 89.
1008 4107 1043 4164 B.
1051 4127 1128 4165 com·
1178 4105 1268 4162 citata
1290 4105 1321 4162 in
1345 4125 1373 4182 p.
1390 4105 1454 4166 161.
1469 4107 1513 4176 Β.,
1535 4107 1646 4166 adscita
1668 4127 1786 4187 quoque
1805 4111 1847 4168 in·

460 4208 739 4300 mendatlectionem
749 4206 915 4276 Medionem,
930 4205 1128 4275 οια,ἰιβιιι’τιι-
1175 4209 1278 4288 script
1290 4212 1410 4270 Gruter.
1421 4233 1449 4290 p.
1461 4229 1597 4273 cccxvn.
1605 4233 1634 4273 n.
1649 4218 1672 4273 l.
1701 4217 1848 4295 Adjungit

461 4337 497 4370 ιιι
509 4329 562 4388 pro
581 4307 754 4376 ἰιβιβιίτκτι,
769 4325 884 4383 quamn
896 4327 923 4365 υ.
934 4307 961 4366 d.
974 4307 1126 4384 probatam
1177 4307 1330 4372 Wienerus
1353 4313 1438 4372 Febr.
1452 4313 1575 4390 Αροιυὶςι.
1597 4331 1615 4372 ι.
1630 4317 1677 4374 24.
1733 4317 1781 4376 Ex
1803 4315 1847 4374 liis
