4028 5258
505 531 569 598 320
919 531 1275 600 INSORIPTIONES
1297 531 1490 600 GRAEOAE.
1571 533 1697 618 [rusca.
1713 529 1907 598 canaba

506 731 624 794 tarum
643 720 706 819 qui
723 721 946 798 remissiores
960 747 998 798 se
1011 725 1240 822 praebuerant
1256 737 1384 798 contra
1400 721 1581 800 maleficos
1601 707 1797 824 (ia-25),
1811 745 1911 796 cona·

506 855 564 916 tus
582 867 660 916 sum
684 843 901 918 haecomnia
925 845 963 918 in
986 857 1111 918 tenore
1135 869 1219 934 uno,
1243 869 1316 942 qua
1341 845 1454 942 potui,
1481 869 1711 944 componere,
1731 844 1910 944 permisso

505 961 825 1037 conlaborantibus
839 963 886 1038 de
904 965 1096 1062 supplendi
1115 966 1253 1039 ratione
1267 963 1418 1062 judicio.

578 1083 622 1155 In
650 1081 806 1156 frustulo
835 1105 960 1158 cnxrv.
979 1108 1011 1157 c.
1041 1082 1229 1158 tractando
1255 1084 1473 1183 lippitudine
1499 1109 1557 1159 me
1590 1085 1711 1163 adhue
1741 1085 1908 1160 laborare

502 1203 629 1275 sentio.
683 1203 836 1299 Nequeo
854 1205 1067 1278 continuum
1091 1203 1248 1301 aliquem
1275 1229 1423 1292 nexum,
1442 1206 1506 1304 qui
1529 1207 1676 1304 penitus
1702 1206 1800 1282 mibi
1826 1204 1909 1278 arri·

502 1321 595 1406 dest,
625 1347 706 1396 curn
743 1323 980 1398 antecedente
1013 1325 1247 1400 constituere.
1301 1327 1490 1402 Videntur
1518 1328 1686 1424 quaedam
1716 1325 1908 1427 proposita

503 1442 669 1541 Stratego
686 1467 768 1540 quae
786 1447 1011 1520 correctione
1034 1446 1249 1544 indigebant
1275 1449 1313 1522 in
1339 1473 1380 1523 re
1398 1449 1674 1548 vectigaliorum
1701 1446 1906 1546 dequibus

501 1562 665 1638 adierant
682 1565 897 1641 Praefectum
926 1568 1036 1667 legati
1064 1595 1086 1642 a
1111 1569 1269 1644 Nomitis
1294 1569 1405 1656 missi,
1423 1581 1462 1644 et
1484 1568 1656 1662 remedia,
1673 1593 1719 1643 ne
1746 1564 1903 1664 amplius

502 1682 736 1757 turbarentur
760 1699 898 1760 mentes
921 1711 1026 1785 agros
1048 1687 1256 1775 colentium,
1279 1690 1509 1788 praescripta:
1536 1715 1664 1764 verum
1689 1690 1784 1764 adeo
1810 1685 1903 1760 levia

502 1813 587 1875 sunt
603 1801 738 1875 indicia
755 1817 797 1876 ut
814 1805 962 1878 minime
980 1805 1096 1880 fidens
1110 1805 1258 1903 aliquod
1276 1807 1568 1904 supplementum
1586 1821 1804 1906 perpetuum
1824 1827 1901 1902 pro

503 1919 658 1994 tulerim.

578 2036 706 2111 Edidit
734 2037 779 2111 fr.
809 2039 840 2113 b.
870 2041 907 2112 in
937 2041 1020 2114 libr.
1047 2041 1256 2117 Cailliaudii
1282 2068 1391 2118 versu
1420 2046 1538 2143 primo
1566 2059 1672 2120 tenus
1702 2059 1898 2140 nostroque

502 2179 628 2248 cnxrv.
655 2183 688 2231 o.
715 2157 909 2249 adnexum,
937 2161 1030 2234 sieut
1057 2161 1147 2254 dixi,
1173 2163 1355 2238 Letronn.t
1404 2165 1566 2240 Dederat
1592 2167 1779 2242 Edmonst.
1808 2165 1897 2240 inte·

500 2301 604 2375 grum
619 2304 702 2351 curn
717 2279 977 2378 supplementis
990 2283 1154 2382 Youngii
1172 2283 1367 2358 admodum
1385 2285 1633 2384 inauspicatis:
1662 2285 1749 2360 dein
1763 2283 1894 2363 Saltius
1982 2381 1983 2384 Ἴ

500 2426 549 2474 ex
578 2400 722 2475 schedis
752 2401 877 2500 Hydii‚
905 2415 1031 2500 postea
1048 2403 1280 2490 Hoslrinsius
1309 2391 1492 2504 integrum
1520 2417 1686 2502 uterque.
1740 2401 1890 2504 Reperio
1982 2495 1983 2502 ἵ

498 2522 543 2594 sr.
561 2547 588 2596 c.
608 2522 645 2594 in
671 2522 752 2594 libr.
769 2521 1025 2596 Edmonstoni¹¹
1042 2548 1125 2597 eum
1143 2524 1465 2598 instaurationibus
1476 2526 1650 2624 Youugii,
1669 2539 1706 2599 et
1722 2515 1760 2599 in
1777 2521 1890 2623 Hydi·
1982 2517 1983 2525 ἶ

500 2643 577 2715 anis
595 2641 702 2714 editis
720 2666 741 2714 a
760 2640 884 2717 Saltio.
938 2644 1002 2718 Ad
1020 2669 1077 2717 vv.
1095 2645 1134 2717 ll.
1152 2670 1251 2718 nunc
1268 2645 1439 2742 procedo.

574 2767 605 2840 b.
634 2768 679 2839 In
698 2791 731 2838 v.
755 2769 786 2839 1.
805 2763 905 2866 de.
924 2771 1315 2854 Δ...ΛοΜΑ1.ΔΗΛ,
1334 2779 1401 2840 etc.
1454 2766 1671 2841 Praefeetum
1690 2767 1813 2868 opinor
1829 2763 1886 2838 hic

499 2888 611 2983 loqui,
640 2887 704 2984 qui
722 2885 866 2962 videtur
890 2887 1001 2961 fuisse
1021 2888 1153 2986 Capito
1177 2901 1397 2961 memoratus
1423 2887 1462 2960 in
1486 2911 1699 2985 praegresso.
1751 2887 1886 2960 Dicitur

499 3001 694 3104 Βούλομαι
719 3023 761 3085 ut
785 3011 862 3085 illic
887 3037 922 3084 v.
945 3015 1002 3086 10.
1054 3009 1643 3111 1n2.init.Hyd.n.ot‚Hosl.
1664 3017 1795 3088 neor.
1843 3011 1882 3082 ln

498 3129 570 3202 fine
587 3127 684 3227 de.
703 3136 764 3203 ΔΙ.
818 3130 978 3204 Videtur
1003 3131 1093 3228 quid
1117 3131 1178 3206 hic
1204 3145 1367 3206 notatum
1398 3132 1444 3206 de
1469 3132 1637 3208 mercede
1656 3133 1881 3215 sacerdotum,

498 3249 558 3323 vel
575 3273 701 3322 eorum
719 3249 782 3346 qui
799 3250 837 3323 in
855 3249 993 3325 aedibus
1011 3250 1216 3325 reficiendis
1234 3275 1379 3350 operam
1397 3253 1637 3350 prebuerant.
1689 3256 1733 3328 1n
1747 3261 1777 3328 3.
1790 3251 1881 3353 de.

499 3375 867 3458 rasnasrtxotrO,
894 3369 994 3466 quod
1012 3386 1049 3446 et
1066 3369 1175 3448 Hoslc.
1201 3397 1283 3446 cum
1311 3379 1354 3446 ΣΙ
1383 3372 1422 3446 in
1446 3371 1528 3448 fine.
1581 3375 1722 3449 Versus
1748 3373 1882 3448 videtur

497 3491 677 3588 respicere
696 3490 741 3564 ad
760 3491 982 3566 ornationem
1003 3495 1062 3568 vel
1079 3495 1376 3568 instaurationem
1395 3495 1493 3568 teeti.
1545 3495 1661 3592 Apud
1674 3492 1882 3568 Alexandri·
1982 3464 1983 3517 ¹

497 3644 563 3691 nos
589 3619 697 3693 obvia
726 3630 812 3693 sunt
837 3609 1024 3714 σκεπάζω,
1045 3610 1278 3714 σκεπαστής,
1298 3605 1555 3716 erineo-rpem
1576 3604 1715 3712 σκέπη,
1734 3603 1879 3692 oxiru'.

497 3745 541 3816 In
561 3745 595 3816 5.
612 3743 688 3816 init.
707 3741 817 3817 Hoslc.
837 3747 1061 3815 ΓΑ.ΑΤΗΝ.
1107 3731 1245 3840 Κύριος
1262 3752 1318 3816 est
1336 3743 1545 3840 Imperator.
1585 3740 1878 3816 Contcccrxvu.
1982 3753 1983 3846 t

535 4030 641 4089 *Confi
670 4029 779 4105 Voyope
802 4027 821 4084 d
848 4025 959 4094 Μένοέ,
988 4027 1042 4086 ubi
1068 4045 1165 4105 supra,
1257 4037 1270 4061 ⁸¹
1284 4027 1346 4085 Ubi
1369 4045 1466 4104 supra,
1489 4041 1516 4104 p:
1533 4029 1596 4088 lut.
1618 4025 1684 4084 Loc.
1700 4024 1771 4085 Sala.
1790 4031 1831 4081 est
1850 4019 1876 4076 iu

494 4148 522 4207 p.
538 4130 604 4194 392.
626 4129 693 4186 Loo.
709 4127 898 4186 Edmonston.
912 4135 957 4186 eat
967 4127 997 4184 in
1011 4125 1077 4184 Iria.
1087 4144 1166 4204 supr.
1217 4127 1257 4185 D.
1274 4125 1316 4186 ot
1336 4143 1365 4203 p.
1379 4123 1446 4186 368.
1461 4144 1559 4203 supra.
1982 4190 1983 4206 χ

495 4227 545 4286 cit.
572 4245 600 4304 p.
623 4227 696 4294 loa,
728 4224 800 4283 Salt.
823 4225 855 4282 in
873 4225 956 4282 Dior.
981 4225 1022 4285 Ol.
1046 4244 1074 4301 p.
1088 4221 1164 4292 ³67..
1255 4223 1875 4294 'GonfiSebleusner.LarioV.T.‚tomn1.
1982 4219 1983 4243 ¹

497 4326 635 4386 Hoskius.
649 4327 679 4384 iu
697 4324 774 4396 Vota,
790 4335 843 4385 etc.
857 4345 906 4403 pp.
918 4329 984 4385 322.
997 4343 1018 4384 s.
1217 4343 1266 4404 pp.
1280 4325 1396 4396 4951.
1408 4335 1439 4384 et
1452 4323 1483 4384 in
1496 4343 1558 4384 roc
1572 4325 1740 4404 adtingas,
1753 4343 1781 4401 p.
1791 4321 1835 4384 47.
