4028 5258
476 525 536 590 316
881 527 1234 596 INSCRIPTIONES
1257 529 1456 597 LATINAE.
1589 531 1711 621 [rusca.
1723 551 1843 598 cuxrv.
1855 557 1882 598 a

478 739 547 785 usu
571 715 731 789 venisse:
761 715 853 788 conf.
886 739 1012 791 cnxrx.
1046 723 1076 789 5.
1107 717 1234 792 infrar.
1287 721 1330 792 In
1360 722 1495 793 26-27.
1520 719 1673 794 reddas:
1699 725 1881 799 uernalium

470 861 579 933 porro
604 836 774 911 commodi
797 837 902 933 specie
926 850 1054 913 utmtes
1070 840 1265 938 quidquam
1282 841 1411 940 ccipere
1427 855 1557 941 proetcr
1573 867 1612 917 ea
1630 867 1707 942 qum
1723 868 1748 916 a
1766 842 1883 916 Mur·

478 963 545 1035 imo
558 966 739 1037 emistr'tutu
757 977 846 1036 sunt.
902 964 961 1038 Sic
979 981 1015 1037 et
1034 955 1246 1061 εἱσπράπω
1263 966 1300 1037 in
1314 991 1349 1037 v.
1361 967 1419 1038 28.
1473 965 1532 1040 Cs.
1550 991 1658 1064 supra
1671 989 1829 1042 ccxcvr.
1845 972 1879 1040 7.

478 1079 704 1167 infracnxv.
723 1085 783 1154 29.
837 1084 877 1154 In
897 1085 956 1155 27.
974 1095 1056 1155 unte
1075 1081 1169 1155 med.
1187 1081 1289 1181 Hyd.
1305 1087 1541 1176 ΜΑΨΙΜΟΥ,
1558 1083 1643 1156 dein
1654 1088 1770 1158 ΟΑΝ.
1818 1087 1880 1159 De

471 1207 630 1309 praesecto
647 1207 707 1280 hic
724 1208 927 1281 luculenter
944 1209 1089 1304 agitur¹¹.
1144 1207 1354 1302 Sequuntur
1372 1209 1481 1281 verba
1499 1197 1564 1279 ἐὰν
1584 1200 1628 1280 δέ
1644 1235 1698 1284 τις·
1716 1201 1771 1308 δῷ
1785 1235 1822 1280 κ.
1837 1211 1878 1279 λ.

478 1329 657 1399 Nimirum
684 1328 722 1400 in
749 1329 881 1401 tabulis
909 1329 1087 1400 rationum
1108 1327 1213 1400 relati
1237 1341 1340 1400 erant
1360 1341 1523 1425 sumptus
1541 1351 1632 1423 quos
1650 1328 1810 1424 quisque
1838 1330 1878 1400 in

477 1447 661 1543 publicum
680 1447 909 1520 commodum
929 1461 1140 1545 erogaverat
1165 1472 1210 1520 eo
1230 1446 1301 1520 fine
1319 1459 1361 1520 ut
1378 1472 1552 1520 summam
1571 1473 1619 1520 ex
1637 1448 1765 1521 aerario
1782 1450 1879 1522 acci-

476 1581 585 1666 peret.
638 1569 730 1642 Haec
748 1569 939 1642 rationario
957 1567 1155 1640 identidem
1175 1566 1220 1640 ad
1234 1593 1387 1641 examen
1407 1593 1576 1642 revocare
1596 1568 1740 1643 Scribas
1763 1571 1877 1666 jubet

478 1689 675 1763 Praefectus
686 1703 726 1763 ut
738 1689 1053 1764 amoliaturomnis
1065 1689 1256 1762 fraudandi
1268 1691 1421 1762 occasio.
1442 1688 1876 1788 lntatnitflyuet’tut.

477 1819 657 1917 lnonym.
676 1809 760 1912 ἐγώ.
811 1817 945 1889 Melius
964 1815 1116 1889 edocere
1136 1815 1292 1890 debebat
1309 1841 1343 1888 r.
1362 1817 1420 1888 30.
1475 1817 1567 1889 Dein
1591 1814 1691 1915 Hyd.
1708 1826 1874 1904 Atrot.

477 1943 512 2012 in
533 1940 592 2012 fin.
613 1945 891 2024 ΜΗΝΙΕΑΝΤΙ,
910 1938 1019 2036 Angl.
1037 1953 1070 2013 to
1091 1939 1146 2012 tlte
1164 1964 1293 2038 person
1311 1939 1384 2012 wlco
1401 1939 1473 2011 tau
1494 1937 1617 2038 lodped
1633 1939 1875 2039 infernmtion.

476 2067 520 2137 ln
539 2069 596 2138 30.
616 2065 683 2136 sub
701 2061 795 2136 med.
812 2060 1643 2160 Hya.remandetztoumetotututmt:
1672 2060 1743 2134 hoc
1762 2077 1875 2148 recte,

475 2187 666 2280 innuitque
684 2183 900 2279 degenerem
919 2181 1052 2254 suctum
1075 2205 1287 2265 sermonem,
1305 2179 1405 2276 quod
1430 2179 1595 2276 lapicidae
1612 2181 1732 2278 potius
1760 2185 1874 2258 tribu·

476 2309 563 2378 crim
583 2329 691 2401 quam
709 2304 847 2377 litteras
865 2302 1034 2374 mittenti.
1087 2301 1132 2373 In
1157 2299 1214 2372 his
1240 2299 1395 2374 decretis
1412 2299 1702 2397 frequentissime
1720 2303 1873 2376 obvium

476 2443 549 2514 est3
577 2427 629 2498 sic
655 2449 763 2522 supra
781 2424 818 2496 in
837 2449 871 2496 v.
891 2426 1176 2509 mutuemur,
1194 2422 1286 2496 etin
1304 2445 1419 2496 cnxv.
1437 2422 1568 2519 passim
1590 2429 1686 2510 ΜΗΙ,
1707 2430 1873 2510 ΜΗΙΔΕ,

477 2549 764 2628 attexerent,
793 2547 1127 2626 ΠΑΡΑΓΓΕΛΛωΙ,
1154 2551 1191 2613 et
1217 2541 1294 2612 sim.
1321 2541 1359 2612 in
1388 2538 1549 2612 Philensi
1574 2565 1683 2638 supra
1707 2564 1872 2617 cccuvu.

476 2697 505 2740 a.
527 2671 559 2750 2,
580 2672 709 2741 ΗΚωΙ.
763 2664 846 2736 Hoc
864 2663 983 2760 arguit
998 2664 1143 2760 penitus
1162 2663 1343 2758 ignorasse
1361 2660 1526 2734 homines
1544 2687 1648 2734 usum
1666 2661 1871 2760 legitimum

475 2788 605 2858 litterae
623 2781 730 2856 tertio
747 2782 845 2853 casui
863 2780 1100 2878 postscriptae.
1152 2780 1195 2850 In
1215 2781 1273 2850 31.
1293 2779 1371 2851 init.
1389 2777 1487 2876 Hya.
1502 2785 1558 2854 0.
1575 2833 1584 2852 .
1601 2833 1610 2852 .
1627 2833 1636 2852 .
1653 2788 1871 2876 .A[lA,etc.

476 2917 587 2986 Recte
618 2907 801 2981 ordinarit
827 2904 1017 3002 periodum
1035 2902 1130 2978 Letr.
1150 2903 1311 2998 adusque
1339 2907 1396 2977 33.
1414 2903 1476 2976 fin.
1495 2905 1560 2978 ubi
1587 2907 1729 3003 scripsit
1757 2904 1822 2981 καὶ
1841 2907 1870 2980 εὶ

474 3027 537 3131 μὴ,
557 3022 596 3110 ἶ
613 3023 807 3132 ἑξήκοντα.
866 3031 910 3103 In
937 3029 1144 3127 praegressis
1172 3053 1238 3124 pro
1271 3021 1636 3128 ἀναγραφέσθωσαν,
1664 3031 1763 3127 quod
1794 3033 1871 3106 sine

475 3162 588 3234 dubio
606 3181 731 3230 verum
750 3169 814 3241 est,
832 3154 955 3227 intulit
979 3151 1016 3223 Y
1012 3177 1113 3252 cnop.
1140 3147 1362 3248 ἀνορθωσαν
1381 3143 1691 3248 (ἀνορθούτωσαν
1704 3147 1755 3251 Ρ).
1815 3161 1870 3232 De

476 3277 612 3354 Scribis
630 3274 754 3372 Regiis
772 3271 862 3346 conf.
879 3295 986 3368 supra
1000 3293 1227 3345 ccccxxvur.
1246 3274 1274 3342 l.
1328 3270 1500 3346 Ceterum
1520 3273 1622 3347 locus
1641 3288 1724 3350 ante
1743 3280 1870 3352 oculos

474 3401 624 3499 insignis
635 3410 699 3482 est,
712 3397 775 3492 qui
793 3395 838 3468 de
858 3418 1007 3466 munere
1019 3393 1146 3466 horum
1161 3391 1325 3488 quaedam
1343 3405 1470 3466 notatu
1482 3393 1592 3491 digna
1605 3395 1868 3492 complectitur.

513 3648 531 3671 ²¹
543 3633 736 3712 Euripideum
752 3633 849 3710 potius
866 3632 990 3690 imiteris
1010 3632 1041 3689 in
1058 3631 1143 3691 Orosi.
1195 3632 1231 3688 In
1246 3651 1317 3689 sacr.
1332 3631 1414 3690 codd
1429 3633 1465 3690 cl.
1485 3633 1515 3691 S.
1529 3633 1600 3692 Luc.
1611 3635 1745 3710 Evunpel
1760 3652 1829 3694 xvr.
1844 3641 1869 3694 l.

474 3738 520 3798 46.
536 3758 558 3798 s.
573 3731 663 3805 Ἔδοξε
678 3731 801 3812 &Vama
816 3727 945 3808 rfidtpail'
960 3731 1143 3806 ιἰμῖςπὶγιιις
1193 3741 1223 3788 et
1250 3727 1358 3802 littam
1386 3731 1559 3808 simpliciter
1583 3733 1615 3790 in
1639 3735 1710 3790 Acii.
1734 3751 1802 3794 xxt.
1827 3737 1869 3798 ll.

474 3833 728 3916 Mirragiiixrrdaet,
741 3833 1039 3909 palatuar-buniacus.
1062 3831 1145 3888 Cete-
1196 3829 1292 3887 Adeas
1307 3830 1490 3888 schleusner.
1505 3832 1536 3888 ln
1546 3852 1608 3890 voc.
1622 3829 1676 3912 §3-

475 3957 541 3997 rum
555 3935 666 3995 dicitur
680 3930 754 4008 στέγῃ
768 3951 820 4008 per
830 3931 954 4007 ellipsim
969 3950 1022 4007 pro
1033 3930 1092 4009 ἰιτῇ
1103 3947 1145 3986 στ’
1235 3939 1248 3964 ¹¹
1261 3931 1388 3999 Quinam
1409 3932 1501 3990 luerit
1515 3932 1644 3990 nondum
1659 3931 1732 3990 mihi
1745 3943 1869 3990 constat.

476 4039 547 4094 utin
561 4032 702 4110 Hippolpt.
714 4031 887 4111 (Valcken.)
896 4032 995 4112 χρυπέᾳ
1008 4029 1144 4112 zippulas·
1195 4037 1289 4096 Video
1300 4040 1442 4096 Maximae
1454 4039 1773 4107 aTacitomemoratos,
1790 4039 1868 4096 Pru·

473 4135 542 4208 iupa
565 4131 641 4204 infiat,
666 4135 712 4190 81.
727 4151 749 4188 e.
789 4131 933 4188 Variatur
954 4131 1144 4208 sapiusprae-
1194 4135 1303 4194 sectum
1316 4137 1478 4195 Germaniae
1493 4139 1561 4214 imp.
1578 4139 1695 4196 Tiberio
1715 4139 1747 4195 in
1761 4137 1868 4194 Anuul.

473 4256 542 4312 pos..
557 4248 593 4290 ut
613 4233 642 4288 in
658 4229 734 4288 Orat.
749 4231 794 4288 De
807 4229 926 4296 Corona,
946 4248 973 4306 p.
985 4233 1052 4289 300.
1072 4233 1094 4287 l.
1110 4231 1143 4288 R.
1197 4250 1237 4291 vt.
1249 4237 1285 4302 4..
1308 4245 1339 4293 et
1364 4237 1523 4294 Britanniae
1542 4237 1572 4292 in
1586 4253 1625 4292 tx.
1640 4236 1709 4312 imp.
1730 4235 1866 4306 Neronis,

474 4343 502 4401 εἰς
515 4330 650 4398 adstrictius
665 4327 1143 4410 xutrourrvdtxtrlaerrurarguatur.
1194 4331 1265 4390 ibid.
1281 4333 1406 4395 x1v.46.
1432 4335 1515 4393 Cons-
1526 4333 1599 4392 Hist.
1614 4351 1632 4391 1.
1646 4333 1693 4393 60.
