3994 5242
486 505 527 570 58
923 507 974 572 IN
976 507 1277 576 SCRIPTIONES
1299 508 1492 577 GRAEGAE.
1637 511 1759 600 [mssa.
1770 532 1868 578 ccxci.
1975 543 1976 620 j

486 699 676 796 equidem3
704 711 876 798 “poterat
898 725 976 775 esse
1000 703 1108 776 etiam
1130 692 1328 791 Κάσταβις
1343 701 1459 776 forma
1475 704 1634 780 usitata.”
1683 708 1740 781 De
1758 707 1869 782 insula

486 821 644 918 Megista
660 819 752 894 conf.
771 835 844 895 not.
861 848 896 921 p.
915 821 962 896 ad
978 849 1013 897 n.
1024 848 1128 922 prox.

1058 1103 1229 1180 CCXCI.
1256 1105 1292 1177 b.

606 1289 641 1356 Τ
655 1335 819 1354 ......
839 1289 873 1356 Θ
1370 1282 1477 1393 Τύχᾳ
1570 1289 1704 1394 ἀγαθᾷ·

604 1406 1000 1478 ΤΟΥΤΟΤΟΜΝΜΑ
1369 1409 1492 1486 Τοῦτο
1512 1403 1555 1487 τὸ
1577 1411 1704 1508 μνῆμα

779 1529 865 1597 ΘΕ.
886 1575 896 1596 .
918 1575 927 1595 .
948 1529 1007 1596 ,Α
1368 1528 1545 1627 Τιμοθέα,
1566 1534 1663 1634 ἱερα-

632 1649 820 1718 [ΑΜΕΝΑ
1369 1644 1514 1744 σαμένα
1636 1667 1638 1672 ’

530 1765 552 1834 5
604 1769 650 1835 at
671 1814 680 1833 .
704 1815 713 1834 .
737 1815 747 1834 .
768 1769 842 1836 er.
863 1769 970 1836 ten
1366 1757 1471 1858 Διός,
1493 1761 1717 1864 Μεγιστέων

603 1886 961 1957 ΤΟΥΔΑΙΜΟΝΟΙΖ
1369 1889 1436 1962 τοῦ
1456 1884 1699 1984 δαίμονος-υ

637 2006 854 2076 ΚΑΙΘΕΟΙΙΖ
1368 2000 1429 2080 καὶ
1448 2006 1557 2086 θεοῖς.

552 2205 743 2304 Descripta
759 2204 935 2280 indidem⁸
955 2205 1001 2278 de
1018 2229 1109 2303 rupe
1126 2207 1285 2280 littorali.
1336 2209 1487 2284 Penitus
1504 2209 1616 2284 ferme
1635 2211 1867 2288 exoleverant

477 2325 677 2400 litterarum
688 2327 829 2415 ductus,
840 2337 1070 2424 putrescente
1084 2327 1132 2400 ob
1145 2329 1371 2427 asperginem
1390 2331 1517 2406 salsam
1535 2345 1572 2406 et
1588 2331 1695 2405 flatus
1712 2335 1866 2408 marinos

477 2471 574 2521 saxo.
627 2448 779 2521 Restant
791 2471 879 2520 vero
895 2446 1030 2520 indicia
1047 2448 1132 2520 satis
1148 2447 1338 2523 manifesta
1354 2451 1524 2540 Dorismi,
1538 2462 1580 2525 ut
1595 2451 1635 2524 in
1651 2476 1863 2551 praegresso:

475 2572 561 2646 ideo
578 2571 741 2670 expressi
758 2572 797 2644 in
813 2571 963 2645 minusc.
981 2597 1014 2644 v.
1028 2575 1060 2644 l.
1079 2560 1176 2672 τύχᾳ
1195 2567 1330 2672 ἀγαθᾷ.
1393 2575 1482 2648 Erat
1499 2575 1705 2672 sepulcrum
1721 2577 1761 2649 in
1776 2601 1864 2675 rope

475 2693 637 2768 cavando
653 2693 788 2768 factum
807 2694 907 2791 quod
919 2692 1133 2768 condiderat
1151 2695 1353 2782 Timothes,
1378 2695 1543 2769 sacerdos
1568 2697 1693 2795 (Jovis
1710 2696 1772 2770 dei
1788 2700 1864 2772 Me

474 2815 997 2914 gistensiumi),dicaveratquc
1011 2815 1151 2888 numini
1164 2815 1308 2890 cuidem
1318 2815 1497 2916 (fortassis
1508 2815 1675 2913 Hermae)
1684 2828 1722 2890 et
1734 2815 1840 2890 divis.

550 2941 728 3016 Videmus
762 2941 1067 3015 constructionem
1103 2933 1331 3036 ἱερασαμένα
1353 2928 1521 3037 (aad),
1553 2951 1595 3013 ut
1622 2940 1660 3012 in
1691 2939 1864 3013 Xanthiis

473 3065 554 3140 infr.
580 3089 723 3142 cccxrx.
744 3079 782 3140 et
809 3088 885 3161 seq.
937 3065 1055 3162 Atqui
1082 3064 1127 3138 de
1154 3065 1238 3138 lect.
1258 3053 1350 3142 Auis
1375 3090 1449 3138 non
1473 3089 1552 3137 sum
1577 3065 1710 3138 certior
1735 3063 1863 3139 factus.

473 3189 582 3262 Potes
598 3187 778 3284 conjicere
795 3187 894 3283 quod
913 3193 1179 3260 ΜΕΓΙΣΤΕΩΝ
1198 3185 1444 3282 compleverat
1461 3209 1615 3272 versum,
1632 3195 1675 3257 ut
1691 3185 1864 3283 procedat

511 3413 585 3472 ⁸De
604 3415 726 3474 urbest
745 3415 800 3474 ins.
816 3413 923 3476 omar
937 3433 1024 3491 cryso,
1039 3435 1092 3474 seu
1105 3427 1141 3472 ut
1190 3413 1222 3470 in
1243 3413 1298 3471 hoo
1317 3412 1365 3470 tit
1378 3419 1409 3470 et
1422 3427 1535 3488 pregr„
1550 3409 1627 3468 siout
1647 3417 1678 3468 et
1696 3409 1813 3468 notavit
1831 3411 1863 3467 in

471 3513 813 3584 communiterefferunt,
831 3513 946 3576 Castalio
965 3513 1140 3584 cessasent.
1192 3531 1245 3570 suo
1258 3511 1370 3581 Franz„
1381 3511 1562 3588 explicatum
1581 3509 1731 3568 habemus.
1773 3509 1819 3568 of.
1833 3519 1864 3568 et

471 3609 716 3671 Fellows.vol.1.
741 3633 788 3690 pp.
807 3616 876 3678 219.
898 3631 934 3670 ss.
965 3631 995 3671 11.
1018 3611 1082 3676 187.
1103 3632 1139 3670 ss.
1192 3607 1269 3665 Plin
1285 3623 1313 3664 v.
1324 3610 1371 3666 35.
1385 3609 1413 3666 3.
1433 3605 1497 3664 liv.
1506 3622 1622 3663 xxxvn.
1633 3608 1681 3663 22.
1692 3607 1739 3663 24.
1748 3610 1796 3667 45.

470 3709 584 3768 Nomen
611 3711 770 3768 Turcicum
795 3711 873 3770 Meis
898 3711 1011 3789 (script
1034 3708 1142 3786 Meqts)
1232 3705 1267 3763 In
1287 3704 1418 3782 catalogo
1437 3704 1568 3762 Fellows.
1582 3721 1771 3762 nummorum
1790 3704 1861 3783 Lyc.

470 3809 595 3884 vestigia
612 3809 814 3884 appellationis
833 3808 961 3885 antiqua
980 3817 1141 3878 conservat,
1192 3806 1299 3882 (volu.
1306 3802 1429 3868 Tab.37.
1440 3801 1558 3882 pets.)
1567 3803 1697 3861 occurrit
1704 3803 1862 3880 Triquetra

471 3907 549 3964 sicut
562 3906 648 3966 toties
661 3906 693 3964 in
707 3907 862 3966 similibus.
1190 3921 1258 3962 cum
1267 3903 1359 3980 epigr·
1369 3911 1430 3960 ME
1446 3903 1483 3962 dc
1492 3923 1551 3980 qua
1560 3901 1635 3960 nihil
1647 3903 1776 3980 protulit
1788 3905 1862 3962 certi

510 4003 688 4078 1)st
707 4004 780 4062 conf.
794 4003 918 4064 Ptolem.
939 4020 968 4062 v.
981 4007 1008 4064 3.
1029 4011 1060 4062 et
1080 4005 1140 4083 By·
1190 4002 1332 4080 Shsrpius
1353 4003 1385 4060 in
1400 4005 1476 4062 obss.
1490 4022 1518 4080 p.
1530 4001 1596 4063 463.
1637 4002 1782 4061 Fortassis
1802 4012 1861 4062 stat

470 4101 577 4158 nontin.
597 4101 723 4173 Μιγίπη,
744 4102 820 4166 uilis
833 4105 880 4159 ui
894 4104 959 4166 viras
973 4104 1016 4166 τῖς
1030 4101 1141 4166 Λυκίας·
1190 4123 1244 4180 pro
1257 4111 1466 4162 ΜΕΓῙΣΤΕΩΝ
1486 4103 1518 4161 in
1532 4103 1686 4162 Goltziano
1699 4104 1788 4179 cujus
1801 4124 1860 4164 me·

470 4199 583 4277 Scylaci
595 4219 665 4259 vero
683 4199 725 4278 (p.
735 4199 782 4264 37.
805 4201 842 4258 al.
859 4197 938 4276 100.)
952 4209 1016 4260 eret
1028 4196 1138 4269 Ῥοδίου,
1188 4203 1276 4262 minit
1289 4201 1411 4262 Eckhsl.
1424 4204 1456 4261 in
1465 4202 1522 4261 vol.
1532 4219 1574 4260 111.
1588 4221 1616 4279 p.
1628 4200 1656 4266 7·
1670 4203 1698 4262 b.

467 4296 532 4357 h.e.
546 4296 729 4357 Rhodiorum
744 4297 831 4372 juria.
873 4297 952 4356 Hine
966 4298 1138 4356 Dorismum
