3918 5240
114 551 360 631 ruscucccmr]
640 542 909 611 PANOPOLIS.
1429 546 1490 610 159

113 733 243 829 patebat
268 744 465 831 praestaret.
520 732 645 830 Spatio
670 743 859 830 peragrato
886 729 1072 827 ruinisque
1101 755 1182 829 quae
1209 732 1489 828 circumquaque

109 853 264 946 jacebant
281 851 424 925 visendi
450 851 571 925 studio
598 853 768 938 lustratis,
786 850 958 924 attentius
985 851 1063 923 saxi
1090 849 1316 948 superficiem
1336 851 1490 926 intuitus

112 997 166 1068 per
180 973 284 1072 gypsi
301 973 529 1046 involucrum
553 971 653 1068 quod
674 998 696 1046 a
716 974 869 1047 barbara
894 996 1003 1044 manu
1019 971 1218 1044 obductum
1236 971 1354 1044 fuerat
1371 973 1491 1044 simul·

111 1117 182 1166 scra
206 1094 407 1166 litterarum
437 1092 561 1166 detexi
587 1117 669 1190 quae
691 1093 823 1166 iterum
841 1103 950 1187 atque
971 1093 1102 1164 iterum
1125 1091 1316 1189 palpando,
1335 1103 1434 1165 tactu
1451 1117 1489 1164 re

110 1235 184 1284 vera
198 1213 320 1310 potius
338 1235 447 1308 quam
461 1213 552 1299 visu,
564 1213 611 1287 ad
624 1215 779 1312 speciem
799 1239 925 1287 eorum
938 1213 1125 1310 pristinam
1139 1215 1316 1287 revocavi.
1345 1215 1489 1288 Partem

110 1354 186 1403 vero
202 1332 410 1418 centralem,
428 1355 535 1428 quam
562 1333 702 1407 lacunis
725 1332 960 1406 deformatam
982 1332 1063 1420 edo,
1082 1357 1228 1429 prorsus
1246 1333 1409 1405 amissam
1428 1333 1491 1406 do-

109 1451 215 1525 lebam
228 1453 387 1550 pervim
404 1455 627 1527 monimento
643 1454 790 1527 illatam.
836 1453 930 1528 Satis
947 1465 1067 1525 tamen
1085 1455 1254 1527 manebat
1271 1453 1490 1527 describenti

109 1583 299 1646 monstrans
316 1571 417 1668 quod
430 1573 538 1668 juxta
553 1573 686 1646 limites
704 1572 848 1646 delubri
868 1571 1101 1646 Chemmitici
1119 1573 1298 1644 versabar.

174 1691 380 1766 Ediderimt
412 1693 626 1788 Pococlrius‚
657 1695 900 1778 Hamiltonus,
930 1694 1187 1791 Francogallus
1218 1693 1405 1782 L'Hbtius,
1439 1719 1492 1767 re-

108 1823 230 1899 center,
248 1812 390 1886 collatis
406 1812 537 1886 horum
554 1815 831 1912 exemplaribus,
851 1811 1091 1886 Leuonniusb.
1146 1812 1290 1887 Cuncta
1306 1813 1386 1887 haec
1403 1815 1490 1912 ipse,

109 1952 210 2024 quum
228 1933 491 2006 monimentum
509 1932 592 2020 adii,
609 1933 830 2032 ignorabam,
848 1931 887 2004 id
905 1931 1005 2028 quod
1021 1931 1172 2004 fortasse
1190 1932 1297 2028 pretii
1321 1933 1411 2030 quid
1430 1959 1490 2006 ex-

108 2051 223 2147 iguum
239 2053 426 2127 laboribus
453 2054 541 2128 meis
566 2056 605 2127 in
630 2053 893 2128 constituendis
910 2053 1127 2126 lectionibus
1144 2050 1294 2125 confert
1347 2055 1490 2128 Deinde

109 2170 149 2242 ad
179 2173 298 2248 studia
327 2198 523 2248 conversus
553 2174 823 2250 Pocockianum
857 2176 1014 2274 primum
1044 2174 1230 2272 conspexi,
1260 2175 1490 2271 postmodum

109 2292 242 2367 modico
259 2295 433 2392 temporis
450 2295 642 2369 intervallo
658 2307 789 2370 cetera.

176 2417 348 2490 Decurrit
360 2421 402 2492 P.
417 2419 455 2490 iu
472 2441 507 2492 v.
525 2422 555 2492 1.
577 2417 621 2518 [.
638 2477 656 2492 .
673 2477 691 2492 .
708 2477 725 2492 .
743 2477 760 2491 .
772 2421 1075 2494 ΟΙΟΕΚΑΙΟΑΚΙ
1092 2473 1250 2487 .....
1266 2414 1488 2513 ΛΝΟΙΕΕΒ]

108 2542 194 2611 ΑΕΤ
209 2537 283 2640 [ou]
300 2543 544 2613 ΕΡΜΑΝΙΚΟ
565 2537 650 2637 [aa]
703 2539 818 2612 Notas
843 2537 976 2611 menda
997 2535 1058 2609 hic
1083 2547 1164 2608 orta
1188 2559 1237 2608 ex
1265 2559 1335 2608 usu
1361 2535 1492 2608 litterae

109 2660 328 2757 postscriptae
345 2657 492 2731 minime
510 2659 583 2732 aP.
597 2671 797 2756 perspecto.
842 2657 1085 2732 Accusatiora
1100 2659 1265 2754 praebent
1282 2657 1332 2730 Η.
1347 2657 1490 2732 etL'H.

107 2773 280 2876 finemque
297 2803 423 2852 versus
443 2779 557 2876 plura.
611 2781 655 2852 In
674 2783 710 2854 2.
728 2791 822 2852 extr.
846 2779 889 2852 P.
901 2778 1256 2853 ocabmenosbr,
1309 2779 1383 2853 Hic
1400 2781 1491 2853 etin

108 2919 198 2994 seqq.
225 2922 291 2996 per
308 2911 345 2968 ab
363 2899 543 2994 expressit
560 2896 606 2971 P.
625 2898 807 2973 insolitam
832 2897 986 2971 formam
1012 2899 1143 2970 litterae
1159 2905 1206 2984 n,
1223 2923 1351 2994 parum
1378 2924 1491 2997 quum

107 3016 207 3093 suerit
231 3044 357 3094 sensus
384 3019 605 3116 quadratarii
627 3045 769 3118 gnarus.
821 3020 941 3106 Plura,
960 3043 1090 3117 nempe
1113 3043 1195 3114 quas
1213 3020 1290 3116 ipse
1308 3020 1439 3118 reperi,
1453 3020 1491 3094 in

107 3138 175 3212 init.
194 3153 231 3214 et
246 3141 307 3214 fin.
329 3139 417 3214 dant
433 3139 483 3212 H.
504 3155 542 3214 et
558 3139 655 3214 ΕΗ.
708 3141 805 3214 1113.
826 3165 907 3237 pars
924 3153 1008 3237 post
1024 3140 1190 3212 lacunam
1210 3138 1371 3212 decurrit
1387 3141 1425 3212 in
1447 3139 1489 3212 P.

107 3259 792 3360 buocvtocsovrtunsnonqu}
859 3259 992 3336 Cetera
1022 3258 1228 3356 apographa
1255 3270 1380 3331 nostro
1409 3282 1490 3330 con·

108 3383 259 3470 veniunt,
285 3381 356 3455 nisi
383 3381 483 3479 quod
499 3380 551 3454 H.
570 3393 608 3455 et
624 3379 720 3455 ΕΗ.
741 3383 836 3456 sicut
852 3381 901 3455 P.
923 3387 1141 3457 torturus.
1190 3380 1287 3452 1114.
1306 3403 1388 3476 pars
1409 3391 1491 3452 ante

107 3499 211 3576 iacun.
233 3501 361 3576 eadem
379 3514 435 3575 est
450 3501 489 3574 in
506 3501 657 3575 cuncus.
715 3501 760 3572 111
778 3500 842 3573 ult.
861 3497 911 3574 P.
933 3480 1491 3606 ucrnqbaoctcunnuo

107 3625 311 3698 COC⁸b·N.
365 3623 440 3696 Hic
457 3634 561 3695 notes
582 3628 629 3696 tC
648 3622 829 3695 incuriose
857 3623 1016 3719 positum
1044 3645 1112 3720 pro
1131 3629 1167 3708 Κ,
1184 3617 1284 3715 quod
1306 3619 1424 3716 ipsum
1443 3643 1492 3692 ex

107 3741 213 3818 lorma
229 3741 405 3842 singulari
420 3741 529 3839 hujus
547 3741 678 3817 litterae
696 3756 814 3816 ortum
833 3767 941 3838 quum
969 3743 1007 3815 in
1034 3753 1159 3815 nostro
1176 3737 1314 3813 habent
1338 3740 1491 3814 studiosi

142 4027 223 4086 bUbi
244 4045 325 4104 supr.
348 4025 407 4084 mr.
422 4043 486 4085 xm.
508 4047 536 4104 p.
553 4025 617 4086 106.
658 4026 766 4086 Editus
817 4028 886 4086 libr.
899 4027 953 4086 ubi
966 4045 1045 4104 supr.
1065 4025 1152 4084 volt.
1172 4043 1200 4100 p.
1215 4022 1282 4086 277.
1323 4023 1446 4082 Hsmilt.
1460 4024 1491 4082 in

107 4125 637 4186 fumatsntemiroeruditoinlibr.
651 4126 768 4185 Recla-
818 4127 934 4204 AEpppt.
958 4147 987 4204 p.
1007 4125 1076 4187 263.
1110 4123 1235 4183 L’Hdtii
1255 4123 1288 4180 in
1301 4123 1414 4192 Latina,
1432 4133 1491 4198 aa,

106 4224 160 4283 clas
167 4223 493 4300 pourcaruirdl’lr'stoirc
505 4225 539 4283 de
551 4212 687 4302 l'Egyptc,
699 4245 767 4284 cum
816 4247 845 4304 p.
859 4229 906 4290 87.
944 4225 1028 4284 conf.
1043 4225 1182 4283 Letronn.
1203 4241 1231 4299 p.
1246 4223 1311 4282 105.
1332 4231 1363 4280 et
1376 4222 1412 4280 ad
1426 4223 1489 4280 sim.

107 4325 174 4384 obss.
195 4345 243 4404 pp.
264 4327 409 4390 194-228.
439 4325 506 4384 Loc.
528 4324 651 4384 Pocock.
672 4325 768 4383 estin
816 4325 928 4384 factum
942 4323 1137 4402 exemplaria
1151 4322 1276 4380 Tabvt.
1290 4321 1350 4400 las.

770 4425 825 4486 xl
