3994 5242
476 513 519 580 88
884 511 1236 580 INSCRIPTIONES
1258 513 1449 580 GRAECAE.
1629 515 1749 606 [rusca.
1762 537 1871 584 cccvi.

550 701 655 774 AEtas
673 699 769 773 tituli
786 697 940 774 habetur
956 725 1005 774 ex
1017 725 1050 774 v.
1062 703 1094 774 4.
1114 701 1162 777 U.
1176 701 1217 778 C.
1230 703 1315 776 900.
1334 703 1375 776 Ρ.
1388 700 1431 777 Ο.
1453 704 1536 776 147.
1588 701 1762 778 Cumvv.
1778 708 1868 780 4-5.

476 821 568 896 cons.
589 822 642 895 tit.
665 819 827 918 Aspend.
846 819 1021 918 inpriore
1039 823 1172 896 Fascio.
1189 847 1224 896 n.
1239 845 1326 898 oxu.
1344 821 1409 896 ribi
1425 823 1585 896 variatur
1601 823 1749 921 phrasis.
1801 826 1871 898 Pe·

476 949 571 1020 tara'
598 947 636 1020 in
661 970 696 1019 v.
716 947 750 1019 6.
777 945 1004 1043 appellantur
1031 935 1280 1043 Μητρόπολις
1307 947 1374 1020 τοῦ
1400 938 1546 1020 Λυκίων
1573 940 1710 1041 ἔθνους,
1728 947 1774 1024 de
1791 973 1870 1046 quo

363 1147 366 1156 Δ
476 1065 633 1163 primatu
662 1063 768 1138 adeas
798 1063 945 1137 Livium
974 1065 1013 1138 iu
1041 1075 1115 1138 not.
1134 1063 1195 1138 inf.
1214 1065 1374 1170 citatum.
1429 1067 1474 1140 In
1500 1067 1582 1140 6-7.
1609 1091 1742 1142 nomen
1768 1067 1869 1144 Velia

475 1183 607 1260 Prode
627 1183 811 1284 (Procula,
827 1183 871 1258 ef.
890 1207 1046 1260 cxxxm.
1067 1183 1119 1283 5.)
1137 1185 1246 1259 obvia
1271 1197 1327 1260 est
1353 1210 1437 1260 curn
1453 1185 1608 1261 Claudia
1624 1188 1809 1284 praemissa
1828 1191 1867 1263 in

477 1305 622 1378 Tloe'ns.
641 1305 805 1378 Fellows.
822 1330 859 1378 n.
877 1307 958 1378 134.
979 1308 1062 1379 5-6.
1117 1305 1290 1402 Ejusdem
1307 1305 1417 1380 fuisse
1442 1305 1524 1402 quis
1549 1305 1757 1382 affirmarit?
1807 1311 1868 1383 De

474 1453 565 1502 voce
583 1417 727 1522 κόσμος
745 1429 784 1502 in
801 1427 865 1502 tali
883 1429 1033 1503 materia
1048 1442 1221 1528 usurpata
1237 1429 1332 1503 eonf.
1350 1431 1449 1504 Fase.
1463 1454 1505 1506 ιι.
1523 1456 1558 1506 n.
1570 1454 1657 1506 Lxx.
1677 1435 1709 1506 2.
1727 1445 1765 1507 et
1790 1449 1866 1512 not

474 1562 513 1634 in
537 1559 717 1636 Auctario.
780 1560 825 1632 In
853 1562 908 1634 12.
936 1559 1079 1634 diversa
1106 1559 1212 1658 plane
1241 1572 1324 1634 sunt
1350 1547 1563 1657 ἀνδριάντες
1588 1575 1626 1638 et
1651 1553 1865 1658 ἀγάλματα.

475 1682 567 1754 Haec
583 1679 734 1754 sortasse
751 1691 854 1753 erant
870 1677 1084 1780 anaplvpin,
1098 1675 1297 1753 secuniium
1315 1679 1354 1752 id
1371 1679 1471 1776 quod
1488 1680 1669 1756 indicatur
1680 1683 1719 1756 in
1729 1683 1866 1762 Fascio.

473 1835 511 1886 11.
529 1813 680 1886 Auctor.
699 1823 772 1885 not.
790 1809 837 1884 ad
853 1833 913 1884 nn.
934 1813 965 1883 8.
1018 1807 1194 1906 Λογεῖονἰ
1212 1811 1250 1883 in
1263 1837 1298 1883 v.
1314 1813 1373 1884 13.
1386 1809 1574 1910 pulpitum,
1589 1827 1665 1888 erat
1681 1813 1784 1890 locus
1801 1818 1866 1891 ubi

473 1935 605 2009 chorus
622 1933 805 2030 ceterique
822 1933 861 2005 in
876 1931 999 2006 fabula
1015 1956 1205 2030 personam
1222 1957 1296 2004 non
1313 1931 1487 2006 habentes
1509 1935 1702 2009 manebant
1719 1937 1865 2010 aetioni-

473 2085 544 2157 que
570 2059 776 2132 dramatioae
801 2057 1085 2131 subserviebant.
1138 2058 1195 2130 De
1212 2047 1407 2130 πλακῶσει
1426 2058 1465 2130 in
1485 2061 1541 2132 14.
1560 2060 1644 2135 vide
1662 2062 1762 2136 Faso.
1774 2084 1812 2136 11.
1829 2089 1863 2136 n.

473 2207 611 2260 ccxxn.
631 2187 715 2258 8-9.
733 2207 877 2258 necnon
900 2183 940 2256 in
966 2206 1040 2278 seq.
1069 2173 1278 2278 διαζώματι,
1302 2182 1557 2282 praecinctione,
1580 2212 1615 2259 n.
1634 2211 1752 2262 nxvn.
1771 2191 1804 2262 3.
1827 2203 1865 2264 et

471 2311 545 2372 not.
559 2297 707 2374 Auotar.
737 2297 946 2394 Usurpatur
962 2295 1001 2367 in
1017 2293 1088 2367 boe
1105 2318 1140 2366 v.
1159 2318 1233 2366 vox
1241 2294 1372 2366 Latina
1390 2292 1502 2381 Velo’,
1519 2300 1685 2386 curtatus,
1696 2297 1862 2397 owninps,

472 2449 554 2520 quae
572 2436 609 2498 et
620 2421 768 2524 siparia,
786 2421 911 2506 auloea,
928 2403 1238 2515 περιπετᾶσματα
1255 2418 1317 2493 Gr.
1370 2419 1413 2490 In
1434 2420 1489 2490 18.
1508 2407 1697 2515 παρεδόθη
1715 2433 1771 2494 est
1795 2435 1864 2494 tra·

511 2644 580 2700 'De
588 2643 702 2700 Pataris
715 2642 782 2702 vide
792 2641 890 2700 Strab.
900 2657 965 2698 xlv.
977 2644 1004 2700 3.
1013 2659 1060 2716 pp.
1072 2642 1139 2697 214.
1190 2637 1306 2706 theatri,
1330 2647 1443 2716 portus,
1463 2639 1538 2696 conf.
1556 2639 1686 2697 Fellowa
1700 2639 1757 2698 vol.
1773 2659 1792 2698 1.
1816 2661 1862 2719 pp.

471 2761 492 2800 .
504 2742 547 2810 T,
562 2742 661 2818 quies
674 2749 847 2799 annumerat
859 2740 938 2798 inter
951 2740 1040 2797 urbes
1057 2757 1139 2796 max·
1190 2740 1329 2796 222224.
1350 2739 1537 2804 ιι.179-183.
1578 2739 1688 2815 Sprstt
1702 2749 1733 2798 et
1746 2740 1863 2800 Forbas.

470 2843 528 2900 ime
550 2841 682 2900 illustres
702 2841 808 2919 Lyoiae,
830 2840 997 2898 memoretis
1024 2857 1141 2915 quoque
1189 2835 1244 2892 ubi
1254 2854 1333 2911 supr.
1342 2835 1399 2892 vol.
1409 2853 1428 2892 1.
1438 2838 1520 2912 p.31.
1533 2834 1694 2892 Theatrum
1705 2836 1862 2896 Patareum

470 2946 561 3015 portu
574 2947 605 2997 et
617 2938 743 3014 templis.
784 2937 1140 2996 HuioconfiPsussn.1x.
1191 2934 1382 2992 instaurantis
1396 2933 1524 2992 Straokii
1534 2934 1564 2990 in
1574 2953 1660 3010 opero
1671 2933 1792 2993 laudato
1805 2955 1862 2994 me-

471 3035 557 3092 41.1.
597 3033 710 3090 Deinde
722 3041 805 3090 notes
818 3039 938 3108 portum
950 3032 1142 3089 nobilitatum
1191 3030 1279 3087 minit
1293 3029 1394 3086 Franz.
1408 3030 1438 3086 in
1452 3031 1526 3086 obss.
1540 3049 1568 3086 n.
1580 3031 1666 3089 4283.

470 3131 508 3187 ab
531 3129 669 3188 historico
691 3147 770 3187 sacro
792 3129 824 3186 in
847 3127 914 3186 libr.
932 3129 1014 3186 Aott.
1037 3129 1141 3204 Apost
1232 3127 1409 3185 Notissimus
1422 3137 1467 3186 est
1481 3128 1581 3186 cultus
1601 3128 1712 3187 fatidici
1732 3131 1862 3189 numinis

471 3245 535 3286 ιιι.
550 3230 573 3285 l.
609 3226 707 3285 Adess
719 3225 797 3282 inter
811 3224 1000 3302 scriptt.Lat.
1010 3225 1142 3282 Plinium
1193 3223 1224 3281 in
1237 3223 1291 3282 hso
1305 3225 1370 3282 sede
1383 3243 1421 3283 ex
1434 3225 1505 3282 locis
1518 3225 1607 3284 variis
1620 3227 1729 3284 classic.
1768 3227 1862 3286 'Iiurli

470 3327 502 3384 in
516 3343 546 3383 v.
557 3327 604 3384 28.
618 3328 646 3382 2.
656 3325 709 3401 qui
722 3324 847 3382 nominis
860 3325 1034 3401 antiquioris
1045 3325 1153 3402 Soteri
1193 3323 1373 3392 confirmant,
1388 3333 1424 3382 ut
1437 3334 1535 3382 noster
1548 3341 1650 3384 occvn
1664 3335 1694 3384 et
1707 3327 1822 3385 nummi
1832 3327 1862 3383 in

469 3426 611 3484 meminit.
659 3425 767 3483 Melam
788 3443 904 3500 quoque
927 3425 958 3481 in
978 3425 1046 3482 libr.
1061 3442 1080 3482 1.
1098 3427 1142 3484 15.
1192 3421 1312 3480 Eckhel.
1325 3423 1381 3480 vol.
1392 3431 1435 3480 ιιι
1448 3443 1476 3500 p.
1486 3427 1547 3483 5.ν.

469 3524 526 3581 sub
539 3523 588 3582 fin.
601 3523 655 3580 ubi
668 3523 778 3581 mentio
786 3522 924 3599 explicita
936 3523 1064 3582 babetur
1077 3525 1139 3582 eul-
1230 3527 1242 3552 ¹
1256 3523 1300 3580 De
1312 3520 1368 3579 boo
1380 3521 1463 3580 adeas
1469 3521 1654 3592 Vitruvium,
1663 3521 1859 3584 Deris-ebibet

470 3631 520 3680 tus
537 3622 695 3699 Apollinei,
709 3621 788 3680 unde
806 3621 924 3678 Horatii
944 3620 1028 3691 illud,
1043 3621 1141 3680 Delius
1191 3639 1220 3678 v.
1232 3624 1259 3680 8.
1273 3641 1301 3697 p.
1314 3619 1378 3680 146.
1393 3621 1459 3697 Bip.

468 3723 650 3782 erasures
672 3720 781 3797 Apollo,
807 3721 838 3778 in
866 3720 959 3780 earn
980 3736 1023 3778 ιιι
1043 3723 1070 3778 4.
1090 3717 1139 3779 64.
1228 3722 1370 3780 ’Pariter
1382 3722 1415 3778 in
1428 3721 1586 3798 Aphrodis
1602 3723 1716 3781 Biickh.
1730 3743 1758 3782 n.
1774 3725 1857 3791 2758.

468 3823 668 3882 Meminerunt
693 3831 724 3880 et
744 3821 828 3880 Ovid.
848 3821 879 3878 in
903 3817 1139 3880 Metam.1.516.
1178 3819 1223 3876 ·B.
1238 3820 1297 3876 &a
1312 3821 1397 3882 Bitu·
1410 3823 1456 3876 sat
1470 3821 1517 3876 siv
1531 3813 1573 3876 lani
1588 3818 1702 3900 ιιιίτςιυ.
1735 3821 1859 3882 Derelis

467 3924 603 3997 interque
622 3921 776 3979 historicos
795 3919 859 3978 Liv.
877 3935 998 3978 xxxvn.
1015 3921 1059 3980 15.
1081 3939 1140 3996 quo
1190 3917 1383 3977 theatralibus
1397 3919 1444 3976 adi
1458 3919 1536 3976 Ptin:
1549 3935 1610 3978 m.
1631 3917 1658 3980 6.
1677 3923 1700 3978 l.
1741 3921 1857 3980 Lucret.

467 4023 530 4079 loeo
539 4019 699 4095 insignitur
708 4020 781 4077 urbs
791 4027 940 4095 tamquam
950 4027 1033 4094 eaput
1043 4020 1139 4094 pontis.
1188 4034 1230 4076 rv.
1244 4017 1291 4082 73.
1303 4037 1338 4076 ss.
1352 4018 1423 4076 ἱιιιεα
1433 4018 1638 4094 ιιιιιαᾳιιιιιὶιι.
1662 4017 1703 4076 Et
1707 4021 1857 4096 samaqisse

468 4117 666 4178 confirmatur
684 4115 739 4173 hoo
759 4123 789 4174 et
811 4116 843 4173 in
861 4115 925 4173 eliis
946 4123 1052 4194 praeter
1071 4135 1136 4174 nos·
1188 4107 1616 4194 „amputarentathaatr's
1625 4149 1724 4162 ·····
1729 4119 1854 4193 fluam,

466 4223 561 4273 trum:
581 4210 649 4270 vide
662 4211 921 4270 emanantes
936 4221 967 4270 et
980 4230 1057 4287 seqq.
1187 4214 1267 4272 Edit.
1278 4215 1395 4274 Wakef.
1436 4216 1515 4272 Hine
1525 4215 1661 4276 Juvenal.
1671 4233 1711 4275 ιι.
1729 4219 1792 4276 122.
1802 4236 1856 4294 pu·

505 4313 550 4372 De
563 4310 720 4371 ruderibus
728 4309 912 4386 templorum,
925 4311 1135 4388 sepulcrorum,
1186 4331 1245 4372 eros
1258 4314 1321 4376 inde
1333 4313 1373 4372 ad
1385 4313 1489 4373 velaria
1502 4323 1603 4390 raptos.
