3994 5244
465 545 529 610 248
873 539 1228 609 INSCRIPTIONES
1251 539 1445 608 GRAECAE.
1573 539 1869 632 [mccccccnxxv.

467 721 605 830 Διῆλθ’
636 722 824 831 Ἀχαιούς,
852 745 890 807 et
914 733 1100 831 ΑροΠοῐι.ο
1129 721 1261 830 Δηρὸν
1291 723 1321 804 δ’
1349 727 1393 806 οὐ
1421 724 1618 826 μετέπειτα
1649 723 1738 829 θεὴν
1771 727 1871 810 κατὰ

467 852 583 959 βάξιν
601 851 737 954 Ἰήσων
756 886 790 930 κ.
804 862 843 930 λ.
895 857 1039 931 Deinde
1064 856 1230 930 formulis
1250 842 1345 955 ἆχον
1364 851 1415 957 ip,
1445 849 1563 932 αὐδὰν
1581 853 1633 958 ip,
1656 873 1871 957 congruunt

468 1012 567 1083 seqq.
587 984 713 1058 Hom!
734 974 844 1056 Ἀλλ’
866 975 929 1057 ὅτε
960 975 1005 1077 δή
1037 974 1070 1080 ῥ’
1091 975 1165 1056 ὅπα
1191 1009 1231 1056 τε
1260 973 1433 1084 μεγάλην
1456 980 1496 1057 ἐκ
1527 975 1688 1079 στήθεος
1718 977 1765 1056 ἵει
1790 981 1871 1057 Καὶ

469 1105 571 1201 ἔτεα,
589 1123 656 1184 etc.
708 1109 905 1182 Herodot!
922 1098 1207 1201 Ἐντειλάμενος
1225 1099 1367 1200 μηδένα
1384 1100 1512 1181 ἀντίον
1524 1099 1663 1180 αὐτέων
1681 1103 1871 1200 μηδεμίην

467 1226 596 1336 φωνὴν
609 1227 709 1318 ἱέναι,
728 1247 766 1308 et
782 1234 880 1328 alibi,
892 1220 1056 1307 Ἧντινα
1080 1223 1120 1304 δὲ
1143 1230 1333 1326 γλῶσσαν
1361 1223 1471 1305 ἵεσαν
1500 1229 1536 1304 oi
1566 1228 1768 1327 Πελασγοὶ
1797 1228 1870 1305 οὐκ

468 1355 540 1460 ἔχω
560 1354 738 1459 ἀτρεκέως
757 1359 874 1434 εἰπεῖν
894 1387 927 1431 κ.
950 1362 988 1430 λ.
1042 1359 1087 1431 In
1104 1382 1140 1430 v.
1158 1361 1191 1429 7.
1206 1358 1327 1455 (metr.
1342 1357 1396 1452 5.)
1415 1357 1528 1430 altera
1540 1357 1681 1432 accedit
1693 1359 1786 1432 ratio
1800 1385 1871 1432 cur

468 1491 643 1562 Memnon
661 1511 788 1562 vocem
815 1485 984 1585 proferat,
1012 1483 1069 1558 ira
1087 1482 1276 1558 Hadriani
1282 1517 1297 1573 ;
1321 1483 1382 1556 hic
1409 1475 1528 1556 καίτοι
1554 1481 1648 1554 soret
1665 1481 1867 1558 absonum:

468 1614 567 1711 legas
592 1613 677 1686 ideo
702 1611 765 1685 τοῖ
786 1611 819 1684 h.
838 1637 870 1684 e.
897 1603 960 1710 τῷ.
1013 1599 1233 1684 Notissimus
1258 1624 1313 1683 est
1339 1635 1426 1683 usus
1450 1607 1669 1682 Homericus
1696 1603 1730 1693 ὁ,
1750 1603 1787 1702 ἡ,
1809 1600 1869 1698 τό,

469 1765 536 1837 pro
554 1727 680 1825 αὐτός,
701 1727 806 1830 αὐτή,
828 1725 943 1822 attor,
962 1749 1000 1808 et
1020 1735 1256 1809 consimiliter
1280 1734 1456 1808 habemus
1486 1733 1523 1807 h.
1542 1737 1567 1810 l.
1594 1739 1646 1839 τῷ
1669 1765 1735 1838 pro
1752 1732 1869 1838 αὐτῷ,

469 1863 539 1936 nisi
556 1861 647 1934 velis
665 1889 723 1935 τοι
750 1861 868 1935 enclit.
890 1885 957 1958 pro
982 1853 1050 1933 σοι’
1054 1859 1073 1952 ¹,
1106 1859 1344 1957 prosphonesi
1366 1884 1388 1932 a
1413 1860 1586 1956 scriptore
1617 1865 1763 1946 adscita,
1796 1886 1870 1956 qua

468 1983 607 2055 ratione
624 1984 786 2070 verteris,
810 2007 853 2056 ae
870 2005 979 2082 porro
1010 1982 1079 2069 tihi,
1101 1979 1277 2074 Memnon,
1301 1981 1475 2056 irascatur
1491 1981 1579 2078 Res,
1601 2001 1670 2060 etc.
1724 1986 1769 2057 In
1796 1982 1869 2054 fine

468 2131 595 2179 versus
612 2105 748 2179 haereo:
778 2105 1069 2204 supplementum
1088 2107 1278 2181 Letronnii
1297 2097 1383 2179 ἀνία
1408 2118 1463 2180 est
1486 2121 1647 2204 certum;
1682 2135 1755 2183 non
1778 2109 1869 2182 item

468 2231 563 2304 illud
593 2220 720 2326 δαρόν.
773 2232 980 2304 Instaurare
1008 2231 1124 2329 possis
1152 2231 1198 2304 ad
1227 2230 1326 2304 hunc
1354 2230 1522 2323 modum;
1548 2222 1600 2325 μὴ
1625 2229 1686 2306 καὶ
1710 2231 1774 2306 τοῖ
1791 2229 1871 2319 (vel

469 2350 532 2430 καί
549 2346 625 2450 τοι)
644 2341 829 2444 βασιλεὺς
848 2346 1049 2445 κοτέσειεν,
1071 2349 1132 2427 καὶ
1151 2345 1182 2427 δ’
1195 2343 1258 2452 ἄρ’
1275 2347 1370 2442 ὀνία,
1390 2357 1525 2452 scripto
1543 2350 1640 2430 iaia*
1656 2381 1807 2454 prorsus
1820 2357 1868 2430 sd

470 2481 659 2577 exemplar
676 2480 901 2578 superiorum
920 2469 1089 2570 δυνοτόν,
1110 2467 1260 2579 δεκότῳ,
1279 2480 1319 2552 in
1337 2480 1405 2553 titt.
1425 2504 1596 2600 coqnxxr.
1615 2485 1647 2556 7.
1668 2505 1869 2558 cccnmv.

472 2611 503 2680 5.
557 2607 601 2679 In
628 2629 661 2678 v.
686 2607 717 2679 8.
748 2609 870 2704 (metr.
895 2606 946 2700 6.)
969 2603 1007 2680 S.
1037 2605 1113 2678 init.
1137 2611 1251 2679 ΤΗΝ.
1303 2606 1449 2680 Dicitur
1475 2607 1535 2682 hic
1568 2607 1702 2683 Sabina
1732 2599 1868 2700 σεμνά,

471 2746 638 2830 utsupra
655 2720 792 2822 σεττά,
811 2731 895 2828 quia
913 2720 1104 2824 Σεβαστή.
1157 2732 1273 2805 Porro
1290 2733 1461 2806 convenit
1483 2734 1517 2806 ei
1540 2733 1649 2830 epith.
1668 2757 1750 2828 quaa
1767 2759 1870 2806 voca·

473 2872 532 2930 tur
559 2859 597 2929 in
626 2883 658 2928 v.
687 2856 752 2929 ult.
783 2843 879 2944 θεός,
909 2853 1031 2952 phrasi
1060 2855 1199 2928 solenni
1223 2854 1468 2930 adulantium.
1523 2858 1756 2934 Constructio
1787 2851 1871 2930 ἀνία

473 2975 610 3080 κατέχῃ
630 2971 699 3053 τὰν
719 3007 758 3052 σ.
779 2980 951 3054 illustrari
978 2981 1091 3077 possit
1116 3005 1164 3054 ex
1182 2979 1403 3055 Herodianm.
1426 2973 1571 3076 Συνέβη
1592 2973 1632 3056 δέ
1652 2973 1730 3056 κατ’
1753 2979 1869 3056 ἐκεῖνο

513 3249 703 3324 ‘Argonaut
719 3252 759 3305 A'.
775 3252 801 3306 8.
1198 3251 1244 3313 39.
1286 3247 1373 3316 Hine,
1389 3257 1425 3304 ut
1435 3247 1531 3304 obiter
1541 3255 1649 3314 notem,
1658 3246 1739 3323 lepos
1750 3245 1869 3312 Comici,

484 3405 492 3423 ‚
516 3347 524 3380 ¹
538 3347 620 3404 Iliad.
634 3351 672 3418 γ’.
692 3349 760 3404 221.
774 3365 795 3404 s.
816 3347 851 3405 cf.
869 3349 932 3408 152.
947 3355 977 3404 et
988 3345 1092 3425 Odyss.
1105 3349 1145 3422 μ’.
1198 3345 1276 3423 apud
1286 3365 1373 3422 quem
1388 3345 1490 3413 Nubes,
1512 3345 1595 3421 quasi
1608 3343 1677 3414 deas,
1693 3343 1795 3418 σεμναί,
1815 3341 1870 3402 tt·

478 3451 541 3510 192.
1198 3469 1293 3516 τεωιε,
1307 3440 1511 3520 traps-ciaon,
1521 3443 1661 3502 audiunt:
1672 3443 1708 3500 cf.
1719 3442 1755 3500 N
1752 3442 1795 3500 ub.
1804 3445 1870 3506 291.

514 3557 525 3590 ⁸
540 3546 621 3603 Libr.
633 3561 662 3603 n.
674 3549 700 3604 2.
712 3545 768 3603 sub
778 3544 853 3602 med.
868 3561 888 3602 1.
898 3547 945 3608 57.
962 3544 1028 3602 init.
1048 3561 1090 3600 rx.
1103 3541 1146 3602 16.
1198 3542 1266 3604 356.
1283 3564 1304 3601 a.

476 3665 497 3702 s.
512 3645 577 3702 init
1239 3643 1386 3712 Ceterum,
1416 3645 1441 3700 si
1462 3642 1533 3700 fidas
1557 3641 1597 3698 sit
1617 3639 1870 3718 historiographis,

516 3743 528 3776 ¹¹
543 3743 587 3801 Cf.
602 3741 685 3800 Iliad.
698 3745 734 3800 ι’.
751 3741 817 3798 224.
830 3739 898 3803 517.
1199 3743 1407 3820 proprietatem
1416 3741 1541 3817 epitheti
1553 3741 1675 3816 conjugi
1688 3759 1749 3797 suae
1764 3741 1873 3798 tributi

516 3843 522 3875 ¹
543 3841 612 3900 Soil.
634 3841 748 3910 Dorica,
765 3849 802 3896 ut
823 3839 854 3896 in
876 3838 987 3897 Mosoh.
1008 3839 1149 3915 Idyll.v1.
1199 3841 1280 3900 haud
1292 3861 1466 3918 magnopere
1478 3841 1680 3917 impugnasset
1692 3839 1872 3906 Hadrianus,

477 3949 503 4002 2.
518 3946 545 4006 7.
1200 3959 1293 4018 quum
1304 3951 1334 4000 et
1343 3941 1464 4016 Erinyes
1474 3939 1660 4016 ipaaoesuerint
1669 3937 1769 4014 σεμναί
1792 3939 1872 3998 cons.

516 4043 527 4075 ¹
541 4040 619 4098 Vide
626 4039 743 4097 Passov.
752 4038 792 4095 H.
801 4037 926 4097 ωόττετὸ.
938 4047 993 4096 eto.
1004 4055 1034 4096 u.
1044 4058 1072 4116 p.
1083 4037 1149 4100 273.
1203 4039 1393 4114 Thearnopkor.
1408 4041 1474 4098 224.

476 4143 504 4198 b.
519 4149 549 4200 et
563 4139 656 4198 Koen.
670 4139 700 4194 ia
711 4135 832 4196 Corinth
847 4156 895 4214 pp.
907 4139 974 4198 455.
989 4135 1057 4196 600.
1220 4167 1222 4176 ·
1238 4147 1257 4172 ¹²
1268 4137 1346 4196 Hist.
1362 4139 1474 4196 Romi
1488 4141 1531 4196 12.
1546 4139 1612 4196 init.
1653 4137 1703 4196 Sio
1714 4138 1745 4196 in
1756 4137 1873 4196 orsaulo

518 4239 524 4273 ¹
545 4240 595 4298 Sic
608 4235 722 4314 Δήμητρ’
735 4231 854 4311 trapa,
866 4239 952 4313 σεμιὺι
967 4237 1029 4300 τισίν.
1043 4237 1074 4294 in
1086 4221 1147 4294 Ho·
1198 4238 1235 4298 de
1245 4239 1405 4316 Spartanis,
1417 4237 1496 4315 apud
1510 4237 1636 4296 Pausan.
1649 4253 1692 4294 111.
1707 4239 1735 4296 8.
1748 4239 1789 4306 5.,
1807 4239 1872 4294 m&

476 4339 576 4400 merid.
597 4338 702 4414 Hymtt.
725 4337 807 4394 1V.l.
842 4337 886 4394 Cf.
902 4335 1023 4413 Orphic.
1043 4335 1147 4411 Hymn.
1200 4339 1342 4418 Δηςὶιηεὶη
1354 4333 1451 4414 μέχθεε
1465 4337 1716 4414 mansurpium»
1729 4335 1848 4396 ε’ίιλττοι.
