4028 5258
499 539 562 604 318
893 535 1246 605 INSORIPTIONES
1262 534 1464 603 GRAECAE.
1616 537 1844 624 [russanum.
1858 559 1891 600 ι

498 724 683 811 rationum,
701 747 792 822 quos
809 745 875 796 nos
892 722 1114 820 appellamus
1131 722 1291 798 audr'tors
1307 721 1349 823 os
1358 732 1529 809 οοοοιιιιιε,
1555 746 1711 818 quorum
1730 734 1803 795 erat
1817 719 1894 794 offi-

498 846 595 920 cium
620 842 761 917 tabulas
786 840 833 914 ad
858 841 1027 914 amussim
1054 865 1237 915 revocare.
1289 841 1466 916 Fortassis
1483 843 1522 916 in
1539 841 1609 916 hnc
1625 867 1716 916 voce
1734 841 1892 938 phrasim

499 967 745 1040 Romanorum
762 961 999 1060 agnoscimus,
1018 986 1176 1062 purpure
1191 959 1367 1036 natumst
1420 961 1594 1038 Ceterum
1616 961 1780 1036 discessit
1794 959 1893 1036 Letr.

500 1092 564 1188 qui
593 1091 631 1164 in
658 1088 695 1165 J.
719 1089 756 1163 d.
782 1087 867 1164 Sat.
898 1087 1193 1162 instaurationem
1223 1087 1385 1186 praetulit
1412 1079 1693 1184 διατεταγμένοι
1721 1073 1811 1182 τρδς
1841 1075 1896 1157 τὰ

502 1203 738 1312 λογιστήρια,
768 1227 806 1286 et
833 1227 958 1310 postea
987 1213 1025 1286 in
1053 1213 1134 1288 libr.
1166 1211 1265 1290 Coit.
1299 1203 1360 1285 διὰ
1388 1203 1620 1310 τετραμὴνου
1648 1199 1898 1310 ἐφοράτωσαν

501 1328 548 1412 τὰ
566 1343 605 1410 λ.
658 1339 703 1411 In
720 1341 781 1412 35.
797 1335 859 1411 fin.
878 1337 976 1437 Hya.
994 1344 1361 1414 ΑΠΕΛΕΤΟΕΡΟΝ.
1379 1392 1388 1413 .
1405 1391 1415 1412 .
1430 1346 1464 1427 Γ,
1491 1362 1573 1435 quar
1599 1337 1729 1410 ultima
1745 1335 1899 1432 exponit

502 1463 598 1541 Letr.
616 1453 663 1539 τὰ
682 1459 722 1538 ἐκ
742 1464 809 1537 τοῦ
828 1457 1087 1560 λογιστηρίου,
1106 1478 1143 1538 et
1160 1466 1212 1538 sic
1229 1478 1324 1538 auct.
1342 1487 1507 1562 anonym.
1559 1460 1738 1535 Basilides
1754 1459 1811 1533 hic
1822 1483 1897 1532 me

502 1599 661 1660 moratus
678 1584 717 1658 in
733 1581 916 1657 historicis
942 1582 1072 1656 obvius
1098 1591 1172 1656 esth
1225 1583 1391 1656 Vocatur
1415 1581 1555 1657 hhertus
1578 1579 1743 1664 Oscensis,
1767 1599 1896 1673 nempe

506 1705 658 1792 euadit
689 1704 790 1802 quod
816 1715 943 1777 contra
972 1704 1180 1777 Ernestium
1212 1703 1250 1776 in
1267 1703 1337 1777 loc.
1363 1703 1514 1778 Sueton.
1542 1699 1601 1774 cit.
1623 1700 1662 1773 in
1689 1709 1776 1772 nota
1800 1696 1896 1771 lacit.

503 1829 675 1904 Ceterum
694 1825 847 1922 quaestio
864 1824 910 1897 de
928 1835 1033 1898 estate
1050 1823 1129 1919 ejus
1148 1819 1293 1896 videtur
1315 1819 1415 1896 haud
1440 1819 1571 1894 leviter
1587 1817 1767 1892 cruciasse
1789 1815 1897 1912 scrip

502 1961 617 2020 torem
643 1967 822 2042 anonym,
840 1966 922 2038 quae
936 1954 1058 2015 tamen
1075 1941 1161 2014 satis
1178 1940 1384 2038 expeditur,
1410 1941 1577 2039 ablegato
1594 1962 1717 2014 errore
1735 1941 1811 2036 ejus
1827 1937 1898 2034 pri·

502 2067 615 2140 mario
641 2065 687 2138 de
715 2075 820 2139 astate
845 2063 1094 2160 inscriptionis
1121 2062 1261 2136 dudum
1287 2076 1413 2136 notato
1436 2062 1482 2136 ad
1508 2087 1543 2135 ν.
1568 2063 1602 2134 4.
1672 2062 1718 2133 In
1746 2061 1804 2133 36.
1831 2057 1896 2130 fin.

503 2185 601 2285 de.
619 2187 1079 2259 ΙΊΕΜΠΕΤΟΕΑΝΙΝΕΑΝ
1093 2233 1103 2254 .
1117 2185 1336 2256 ΠΑ.ΤοΔΙ.
1366 2183 1426 2255 Ex
1444 2180 1534 2254 falsa
1550 2179 1632 2253 lect
1650 2176 1752 2256 Gailt
1771 2182 1896 2252 ΟΕΑΝ

503 2309 644 2383 effinxit
661 2333 829 2408 anonym.
849 2299 883 2397 ὅ,
903 2333 939 2380 τι
958 2299 1016 2380 ἅν.
1058 2309 1102 2380 In
1121 2309 1168 2382 37
1172 2364 1180 2381 .
1199 2321 1282 2406 post
1294 2309 1343 2382 in.
1361 2307 1454 2384 Letr.
1472 2307 1590 2406 primo
1608 2300 1898 2404 λελογισμένον,

503 2435 588 2508 dein
605 2435 644 2508 in
661 2433 744 2508 libr.
767 2431 869 2511 Gall.
886 2423 1186 2528 λελογενομένον
1207 2427 1502 2530 (λελογισμένον
1515 2422 1564 2529 Ρ).
1617 2433 1663 2506 In
1688 2432 1784 2506 med.
1802 2429 1898 2530 hya.

506 2563 883 2646 ΠΕΡΙΤΑΓΜΕΝΟΝ,
901 2557 1001 2656 quod
1024 2555 1158 2658 Ῡοαιιρ.
1177 2551 1517 2655 παρατεταγμένον,
1543 2569 1581 2632 et
1604 2559 1673 2632 sub
1689 2558 1900 2632 fiunoeo

505 2690 706 2770 ottones,
735 2683 834 2781 quod
864 2685 962 2757 Letr.
983 2683 1021 2756 in
1044 2683 1170 2781 primis
1197 2675 1469 2779 διορθώσομαι,
1496 2697 1622 2784 postea
1638 2685 1676 2756 in
1694 2685 1776 2758 libr.
1801 2681 1898 2760 Coill.

506 2799 772 2906 διορθώσομαι.
826 2808 910 2882 Hoc
929 2817 1049 2882 recte⁸.

545 3037 652 3112 *Confi
662 3038 782 3096 Sueten
791 3035 1025 3113 calumum.
1048 3037 1176 3108 Habent,
1228 3057 1333 3098 sonum
1345 3047 1398 3098 est.

506 3139 537 3194 ni
560 3137 652 3195 falsus
679 3137 743 3204 sim,
764 3137 948 3214 Francogslli
968 3136 1099 3214 phrasim
1120 3157 1178 3196 non
1268 3138 1467 3196 'Tentaverat
1481 3137 1561 3195 Letr.
1575 3133 1760 3218 διιριέτυμιι,
1776 3157 1830 3214 pro
1842 3155 1900 3194 con-

505 3236 674 3310 absimilem,
700 3254 804 3312 ομντιτ
826 3254 866 3294 ses
886 3245 1008 3312 mmptes,
1030 3236 1068 3294 sd
1091 3255 1178 3314 quern
1220 3234 1544 3314 junctionesumptolla.
1570 3237 1668 3314 Atqui
1678 3247 1724 3296 est
1732 3237 1901 3300 αάοαδιοτιῐ

505 3336 616 3394 secedit
635 3347 665 3393 et
685 3346 786 3394 noster
799 3353 913 3394 vernae.
928 3334 1044 3412 quando
1058 3337 1094 3394 de
1107 3337 1178 3394 rati·
1229 3335 1327 3394 rarius
1345 3333 1489 3411 equidem,
1504 3345 1542 3394 ut
1561 3335 1592 3393 in
1612 3334 1667 3394 hoc
1686 3336 1759 3405 loco,
1779 3343 1901 3416 χροιαόι,

507 3455 561 3494 one
574 3433 655 3492 finali
669 3433 827 3510 loquimur.
1229 3433 1283 3490 ubi
1295 3431 1470 3492 vertendum
1483 3442 1536 3503 est,
1552 3441 1741 3510 ραοιαιιροτα
1782 3435 1845 3492 Nec
1858 3433 1902 3492 de

546 3545 555 3567 ¹
569 3535 614 3593 De
629 3533 685 3591 hoc
698 3533 826 3591 Basilide
839 3531 914 3590 conf.
929 3531 1050 3590 Sueten.
1068 3529 1179 3606 Vespa.
1229 3541 1301 3592 sunt
1313 3533 1455 3610 exempla
1481 3533 1603 3592 Confert
1614 3533 1781 3610 Hoogeven.
1796 3535 1828 3592 in
1840 3533 1902 3600 Ἵνα,

509 3623 561 3692 vri.
584 3632 820 3692 TucitHr'st.1v.
836 3633 882 3690 82.
1231 3628 1288 3710 §u
1303 3651 1335 3702 s,
1359 3632 1389 3692 S.
1405 3631 1509 3692 Johsn.
1529 3633 1643 3708 Εοοιιρ.
1659 3649 1715 3691 xn.
1727 3637 1777 3692 23.
1798 3650 1867 3692 xru.
1881 3636 1902 3690 l.

545 3734 676 3792 Fructus
687 3731 743 3790 1οοὶ
753 3731 845 3806 hujus
855 3730 982 3789 maxime
990 3729 1179 3806 conspicitur,
1231 3731 1384 3808 Aristoph.
1406 3731 1481 3790 Nat.
1499 3733 1583 3792 1235.
1598 3750 1619 3788 s.
1636 3728 1669 3788 ἵν’
1684 3726 1724 3794 ab,
1743 3739 1798 3790 etc.
1817 3749 1903 3807 quun

507 3830 586 3908 quod
600 3849 653 3907 ope
666 3827 733 3904 ejus
746 3829 935 3896 narrationes,
958 3847 1022 3904 quae
1036 3847 1180 3886 commen·
1231 3833 1387 3908 donnana
1410 3831 1559 3908 aliquibus
1580 3850 1660 3902 vero,
1691 3831 1829 3906 interque
1861 3849 1903 3889 eos

505 3941 601 3990 tentes
614 3929 684 3987 adeo
698 3928 911 3998 cruciaverant,
924 3927 1049 3986 invicem
1061 3927 1180 3986 concili·
1231 3929 1393 4001 Dindorfio,
1404 3930 1565 3989 clausulam
1581 3929 1793 4008 relegentibus.
1826 3930 1904 3988 ctat

505 4041 604 4089 antur.
653 4029 746 4086 Docet
772 4026 915 4084 nimirum
938 4027 1028 4086 fuisse
1048 4025 1180 4098 Busiridi,
1232 4031 1350 4090 Passov.
1381 4027 1543 4108 (Euchirid.
1569 4027 1619 4090 Gr.
1644 4045 1664 4089 1.
1698 4048 1727 4106 p.
1753 4029 1840 4086 1112
1869 4027 1903 4104 a)

506 4137 647 4207 regnante
656 4127 787 4196 Claudio,
799 4126 897 4184 locum
906 4125 1094 4202 spectabilem
1105 4125 1184 4203 apud
1238 4129 1335 4206 odyss.
1356 4127 1391 4206 ζ’.
1406 4127 1454 4193 27.
1481 4129 1578 4204 OEdip.
1596 4127 1654 4188 cot
1675 4124 1744 4191 617.
1774 4127 1904 4186 Trachin.

508 4227 733 4298 Alexandrinos,
743 4249 829 4306 quem
841 4247 908 4287 eum
922 4227 1089 4298 retinuisse,
1100 4229 1183 4287 annis
1237 4231 1330 4298 1137,
1348 4239 1535 4290 notensvero
1558 4229 1639 4306 quod
1662 4227 1803 4287 doctrines
1827 4229 1903 4306 peni·

504 4337 565 4412 jam
583 4334 613 4392 in
632 4331 747 4391 senium
760 4329 960 4406 vergentibus,
976 4327 1044 4388 fidei
1060 4347 1118 4387 non
1133 4329 1181 4387 ab
1234 4341 1284 4390 tus
1305 4329 1477 4390 adversatur
1498 4329 1667 4390 therlein.
1682 4327 1718 4388 ed
1739 4329 1793 4387 loc.
1811 4329 1904 4404 OEdr'p.
