3918 5240
108 545 548 628 msca.cccxav1.ccoxtr11.]
677 539 888 608 LIBANUS.

629 847 876 924 CCCXLVI.
904 872 935 922 c.

107 1033 680 1104 ΗΛΙΟΔΝΡΟΥΚΑΙΟΙΛΑΝΟΥ
817 1027 1053 1135 Ἡλιοδώρου
1072 1029 1132 1111 καὶ
1152 1033 1327 1129 Σιλανοῦ,

106 1155 372 1226 ΔΙΟΙΚΗΤΝΝ
389 1208 408 1224 .
423 1207 441 1223 .
458 1207 476 1222 .
493 1207 511 1222 .
527 1153 689 1223 ΚΟΝΤΑ
819 1152 1027 1248 Διοικητῶν
1052 1193 1189 1210 ·····
1203 1183 1316 1230 κοντα

107 1271 749 1344 ΠΟΔΕΟ....ΟΥΟΝΙΚΟΔΟΜΗ
819 1259 940 1349 Πόδες
957 1261 1149 1370 (θριγκοῦ)
1174 1262 1481 1373 ᾧκοδομήθησαν.

173 1440 364 1537 Descripta
381 1439 427 1514 de
444 1440 584 1514 aedibus
610 1441 790 1516 semirutis
808 1443 936 1518 vicinis
961 1443 1097 1541 templo
1113 1444 1152 1516 in
1169 1457 1380 1543 argumento
1395 1468 1483 1543 prae·

105 1572 207 1632 eunte
225 1571 432 1632 memorato.
485 1557 655 1632 Meminit
671 1561 867 1658 epigraphe
882 1574 1077 1636 exstructae
1095 1563 1246 1660 alicujus
1269 1564 1380 1662 partis
1402 1562 1484 1638 aedi·

105 1677 183 1764 ficii,
198 1703 330 1752 munus
347 1679 587 1754 Dioeceticum
612 1682 867 1756 exercentibus
891 1681 1112 1780 (Heliodoro
1122 1681 1158 1782 i)
1187 1697 1225 1758 et
1253 1682 1387 1759 Silano,
1438 1686 1484 1758 In

106 1831 135 1878 v.
151 1808 184 1880 3.
211 1808 325 1905 posui,
344 1807 536 1905 supplendi
557 1833 673 1892 cansa,
698 1801 860 1903 θριγκοῦ.
923 1807 1045 1882 Debui
1067 1807 1218 1882 sortasse
1242 1833 1309 1906 pro
1333 1810 1485 1883 recenti·

105 1953 203 2004 orum
214 1929 330 2004 forma
347 1925 515 2029 θριγχοῦ.
569 1934 683 2006 Erant
700 1925 846 2028 θριγκοὶ
855 1930 981 2031 pinno
997 1954 1061 2004 sen
1077 1955 1209 2006 οοτοαα
1224 1931 1327 2005 muri.
1375 1929 1484 2024 Quod

106 2047 148 2122 ad
159 2051 305 2124 nomina
321 2051 457 2138 attinet
475 2053 513 2125 in
530 2053 647 2151 primo
665 2052 753 2126 haesi
770 2052 991 2149 aliquandiu,
1008 2051 1187 2150 expressis
1204 2057 1485 2126 ΑΛΙΟΔΝΡΟΥ

106 2180 139 2241 et
165 2174 466 2264 ΛΔΙΟΔΝΡΟΥ,
495 2195 543 2245 sc.
559 2169 671 2247 Lucio
688 2171 871 2246 Diodoro.-
901 2170 965 2246 sed
995 2170 1080 2266 quia
1108 2170 1247 2244 nullum
1277 2195 1483 2268 praenomen

105 2287 223 2364 aderat
245 2291 415 2378 secundo,
432 2293 550 2366 restiti
566 2292 605 2366 in
621 2291 819 2368 Heliodoro.
871 2293 927 2366 De
940 2291 1111 2366 Dioeeetis
1133 2291 1171 2364 in
1193 2316 1226 2364 τ.
1244 2294 1277 2364 2.
1295 2290 1387 2364 conf.
1405 2303 1479 2364 not

107 2411 141 2482 in
157 2411 288 2485 Fasct
307 2437 341 2484 n.
354 2434 488 2486 xxxma
506 2414 539 2484 4.
581 2411 636 2486 Re
654 2423 829 2510 praesente
842 2408 1002 2485 fortassis
1019 2433 1169 2507 operum
1185 2407 1484 2484 administrationi

108 2531 162 2604 vel
188 2533 390 2631 sumptibus
417 2534 607 2632 erogandis
633 2533 875 2632 praefuerunt:
902 2533 972 2606 nisi
996 2532 1137 2630 placeat
1161 2531 1273 2630 magis
1290 2554 1351 2605 eos
1373 2529 1483 2604 finsse

107 2653 225 2726 civiles
242 2654 471 2752 magistratus
488 2653 613 2750 quales
630 2651 824 2750 aliquando
842 2663 943 2726 erant
960 2651 1143 2724 Dioecetae.
1181 2649 1297 2724 Favet
1312 2648 1484 2746 interpre

109 2772 229 2846 tatiani
245 2773 357 2871 priori
373 2773 479 2846 inscr.
498 2771 738 2848 Bnrckhardt.
755 2772 792 2844 in
810 2771 938 2844 Franz.
956 2795 991 2843 n.
1004 2772 1114 2844 4594.
1132 2768 1265 2843 collato
1282 2771 1401 2856 4631„
1418 2769 1483 2842 ubi

108 2897 237 2970 mentio
263 2895 307 2970 fit
328 2897 570 2971 Dioecetarum
600 2920 684 2970 cnm
711 2894 880 2993 operibus
905 2893 1060 2991 publicis
1086 2893 1288 2990 conjuncta
1350 2893 1484 2986 Quales

106 3021 243 3110 suerint,
266 3035 388 3096 utrum
406 3017 697 3098 ἐπισκοποῦντες
713 3045 759 3093 an
775 3009 895 3117 κύριοι
914 3012 1063 3092 κτίσται
1079 3017 1152 3116 (tit
1168 3017 1426 3119 Buckingham.
1445 3021 1483 3092 in

107 3141 226 3218 Franz.
242 3169 280 3218 n.
292 3142 431 3241 4612),
447 3142 643 3218 lectoribus
660 3139 933 3240 dijudicandum
949 3140 1085 3237 linquo.

630 3414 895 3493 ocoxtvn
922 3413 956 3488 d.

279 3579 613 3651 saaraaceuor
642 3557 646 3566 '
957 3561 1129 3686 Φήντρας
1148 3562 1314 3665 ἐποίησε.

152 3757 343 3855 Descripta
358 3755 529 3844 indidem,
546 3767 584 3830 et
599 3779 683 3830 cum
701 3753 926 3829 Borrelliano
943 3755 990 3829 ad
1006 3779 1064 3830 me
1081 3756 1191 3830 misso
1207 3755 1345 3830 collata
1397 3758 1480 3832 Hoc

107 3875 208 3953 habet
233 3883 604 3964 ΟΙΗΝΤΡΛΕΕΗΟΙ,
624 3877 722 3974 quod
748 3875 890 3952 firmare
907 3878 1052 3953 videtur
1075 3878 1155 3952 lect
1178 3879 1479 3954 subtractat

107 3999 347 4072 OHCTPAOE
397 3998 487 4072 Vox
513 3997 642 4072 Latina
666 4011 871 4098 usurpatur,
898 4022 980 4096 quae
997 3999 1155 4074 vicissim
1170 3998 1333 4076 Graecarn
1350 3997 1480 4074 refere-

141 4204 356 4266 *Altanum
375 4203 480 4265 borum
499 4206 592 4285 poscit
610 4207 687 4266 ratio
705 4208 826 4267 metrica
845 4208 877 4266 in
897 4207 994 4266 Plant.
1011 4205 1104 4268 Ousia.
1118 4223 1136 4265 t
1151 4209 1198 4266 44.
1233 4207 1310 4267 vide
1325 4207 1478 4268 Forcellin

109 4319 137 4359 ra
148 4323 207 4363 voa
