3994 5244
128 551 419 638 ruscacccaxmu]
740 547 921 617 THEBAE.

393 730 512 842 Ὥρας
531 734 572 816 δὲ
590 736 738 842 πρώτας
757 731 864 821 ἅλιος
882 735 951 842 ἦχε
971 733 1120 840 δρόμος,

262 881 282 950 5
344 867 516 973 Κοιράνω
534 867 717 973 Ἀδριανῶ
736 870 892 977 πέμπττρ
912 865 1050 977 δεκότιρ
1070 865 1102 948 δ’
1123 869 1289 976 ἐνιαυτῷ,

400 999 561 1080 Φῶταὸ
584 999 739 1105 ἔχεσκεν
756 996 874 1105 Ἀθὺρ
895 997 1015 1080 εἴκοσι
1036 1001 1096 1080 καὶ
1114 998 1275 1102 πέσυρα.

342 1155 516 1261 Εἰκοστῷ
533 1153 689 1260 πέμπτῳ
708 1151 738 1233 δ’
760 1153 871 1254 ἄματι
890 1150 1006 1256 μηνὸς
1024 1149 1155 1257 Ἀθύρ.

195 1336 253 1409 De
270 1337 417 1410 sinistro
434 1361 539 1411 crure
557 1337 739 1434 imamque
757 1337 854 1435 apud
870 1349 1009 1434 partem
1027 1338 1107 1434 ejus
1125 1337 1313 1434 descripta.
1355 1338 1510 1412 Litteras

126 1457 311 1530 observavi
336 1457 539 1556 grandioris
563 1458 711 1546 moduli,
730 1457 982 1532 etvereioulos
1000 1457 1184 1531 minusad
1202 1458 1372 1532 amussim
1393 1458 1511 1556 dispo·

125 1577 207 1650 sitos
226 1578 273 1650 ob
291 1578 437 1652 titulum
454 1579 618 1652 Flaviani
638 1577 866 1678 (cccnxxn.)
885 1579 989 1674 cujus
1002 1603 1037 1651 v.
1053 1581 1086 1650 4.
1104 1579 1141 1650 in
1159 1577 1308 1677 longum
1325 1595 1511 1676 porrectus

126 1697 284 1772 ordinem
298 1701 438 1794 justum
454 1699 573 1798 fregit.
609 1699 789 1798 Elegiacis
806 1699 937 1772 iterum
959 1698 1024 1797 (cs.
1044 1698 1236 1795 cccnxxr.)
1255 1714 1513 1774 commemorat

127 1819 279 1894 Balbilla
305 1820 466 1894 auditam
494 1821 701 1894 Memnonis
729 1845 855 1894 vocem
884 1819 1054 1908 divinam,
1083 1820 1174 1893 hora
1199 1821 1327 1917 prima,
1357 1823 1512 1918 Impera·

126 1937 246 2013 tricem
268 1938 437 2015 Sabinam
454 1941 634 2014 comitata.
688 1941 849 2037 Tempus
866 1940 1034 2038 apposuit
1050 1941 1088 2012 in
1102 1965 1160 2012 vv.
1174 1943 1260 2014 5-7.
1279 1941 1357 2014 scil.
1376 1967 1430 2014 an.
1448 1965 1513 2014 xv.

127 2057 209 2155 imp.
229 2059 418 2149 Hadriani,
435 2061 568 2134 mensis
585 2058 713 2158 Athyr.
731 2081 847 2152 mu,
864 2058 899 2131 h.
912 2084 941 2132 e.
959 2059 996 2130 in
1012 2057 1162 2133 Calend.
1182 2061 1284 2132 Rom.
1304 2061 1351 2136 U.
1364 2059 1405 2135 C.
1426 2064 1510 2134 883.

130 2179 253 2274 (nostr.
275 2181 378 2279 130.)
398 2195 435 2254 et
458 2204 523 2255 ΧΠ.
550 2181 631 2254 Kal.
650 2179 889 2254 Decembris&
941 2179 1084 2252 Deinde
1111 2179 1305 2278 apponitur
1322 2205 1447 2254 versus
1473 2183 1512 2254 in

128 2323 195 2392 quo
211 2299 253 2373 fit
268 2301 405 2374 mentio
416 2299 490 2374 diei
506 2301 692 2397 proxime,
711 2298 784 2372 soil.
797 2321 847 2370 xn
861 2298 939 2371 Kal
953 2300 1055 2384 Dec,
1073 2299 1176 2394 quasi
1192 2300 1323 2372 iterum
1333 2299 1513 2373 audiverit

130 2418 265 2506 Sabina,
294 2419 448 2494 Balbilla
474 2421 615 2508 comite,
644 2445 725 2516 quae
755 2432 798 2491 ut
826 2417 896 2492 hoc
924 2441 1069 2512 quoque
1100 2419 1283 2492 memoriae
1308 2419 1513 2494 traderetur

128 2540 272 2613 curavit.
326 2539 436 2616 Certe
459 2541 720 2613 monimentum
742 2537 911 2610 tractanti
935 2561 1060 2610 versus
1082 2537 1188 2635 plane
1207 2549 1278 2612 stat
1293 2563 1360 2636 pro
1378 2540 1512 2615 addita·

129 2675 244 2736 mento
261 2662 360 2759 quod
377 2663 622 2760 postulaverat
638 2661 789 2736 occasio.

198 2783 403 2858 Ediderunt
429 2783 594 2859 Pocock.¹
610 2783 834 2861 D'Orvillius
854 2781 911 2880 (in
938 2781 1124 2878 minues),
1153 2782 1395 2870 Hamiltonus‚
1414 2785 1512 2858 Wal-

164 2969 271 3027 *Conl
290 2970 410 3030 Eckhel.
425 2971 461 3030 de
473 2973 602 3032 nummis
616 2971 791 3030 Alexandri·
842 2979 1025 3045 compertum
1047 2967 1088 3026 sit
1107 2967 1269 3026 decurrisse
1288 2985 1308 3025 1.
1328 2949 1434 3026 mensis
1453 2967 1512 3024 lla-

129 3065 169 3120 nis
191 3068 299 3144 quibus
322 3069 497 3146 adjungitur
516 3079 586 3128 nota
605 3079 693 3147 temp.
708 3077 747 3138 le,
761 3069 793 3126 in
842 3065 938 3124 driani
958 3085 1026 3124 curn
1047 3081 1078 3124 x.
1101 3065 1179 3144 Tybi
1198 3067 1264 3142 oapi
1284 3066 1369 3144 (κατὰ
1389 3066 1446 3130 τοὺς
1467 3072 1512 3146 ἀς-

130 3173 192 3223 tom.
206 3183 246 3224 vt.
260 3187 308 3244 ρρ.
320 3169 385 3232 489.
400 3187 436 3226 ss.
478 3169 617 3227 Ceterum
631 3188 668 3226 ex
682 3177 792 3245 tempo-
842 3163 958 3240 χαιόυς),
990 3165 1042 3241 qui
1074 3165 1202 3222 vicissim
1236 3165 1382 3224 referebat
1415 3182 1512 3222 xxvrr.

129 3263 206 3322 ribus
226 3265 275 3323 hic
296 3266 416 3338 notatis,
438 3265 597 3341 adjuvante
620 3267 737 3344 Papyro
760 3266 791 3322 in
841 3263 944 3342 Athyr
949 3263 1008 3339 fixi
1019 3263 1103 3339 (κατὰ
1112 3259 1333 3342 salsitatem).
1358 3264 1512 3322 Conlnot

130 3357 331 3438 lluseioRegio
339 3371 515 3432 conservato,
522 3363 670 3438 ingeniose
679 3363 792 3440 colligit
841 3364 980 3422 Letronn.
995 3362 1031 3420 ad
1049 3363 1096 3420 tit
1111 3363 1255 3421 Memnon
1270 3379 1382 3420 xxxin.
1397 3364 1428 3420 in
1439 3363 1511 3420 Acte.

129 3455 301 3518 tetronnius
311 3459 372 3518 dies
386 3461 511 3536 triginta
520 3469 586 3538 post
596 3461 791 3536 Aufflxvr.
840 3463 894 3520 ubi
914 3481 1010 3538 supra,
1033 3481 1061 3539 p.
1075 3464 1123 3519 41.
1137 3471 1168 3520 et
1181 3459 1398 3538 SocietAEyypt
1412 3463 1512 3520 Hiero-

129 3555 168 3630 (α
179 3559 245 3616 Kal.
256 3556 522 3634 Decembr.)sactas
535 3559 625 3618 fuisse
637 3559 791 3636 ἐπωνύμους,
839 3561 930 3637 plypt.
945 3561 1004 3618 tab.
1021 3577 1070 3618 tn.

129 3659 183 3716 scil
210 3657 361 3716 Hadriano
382 3659 575 3734 cognomines,
597 3659 792 3719 recordationi
882 3661 931 3718 Sic
944 3667 1007 3718 eret
1022 3659 1172 3717 Hadriano
1192 3677 1263 3716 suus
1283 3658 1391 3716 mensis
1405 3677 1512 3735 epony·

129 3752 213 3831 hujus
233 3757 377 3816 adventus
397 3757 579 3834 imperatorii
595 3758 633 3815 ab
643 3757 793 3836 AEgyptiis
841 3775 907 3814 mus
920 3766 956 3814 ut
970 3755 1054 3814 Patri
1067 3755 1131 3830 ejus
1147 3754 1284 3830 adoptivo
1303 3753 1382 3830 apud
1402 3765 1512 3812 ceteros

129 3855 206 3924 quasi
222 3865 356 3923 serratas,
371 3863 401 3911 et
414 3853 521 3912 exinde
533 3856 630 3912 mensis
643 3854 794 3914 Hadriani
841 3855 1005 3922 orientales,
1016 3854 1053 3912 de
1066 3873 1125 3930 quo
1134 3853 1208 3911 conf.
1222 3853 1301 3910 Fasc.
1313 3869 1332 3908 1.
1347 3872 1375 3910 n.
1390 3869 1475 3910 xvm.
1483 3864 1512 3911 et

130 3950 156 4007 in
174 3963 275 4012 nostro
293 3953 362 4012 infr.
384 3969 528 4012 oocnxxx.
542 3954 622 4012 obvii
642 3955 793 4032 explicati·
843 3972 874 4012 11.
890 3974 918 4012 n.
933 3971 1040 4011 μων.

129 4065 207 4106 onem
228 4058 333 4118 tentat,
359 4068 427 4108 eum
448 4069 553 4126 nempe
572 4050 693 4108 initium
714 4071 793 4110 sum·
882 4054 987 4112 ¹Conf.
1000 4053 1054 4111 ubi
1068 4070 1165 4128 supra,
1182 4051 1361 4108 mdxxxix.
1376 4051 1428 4108 ubi
1442 4051 1512 4108 dan-

130 4147 212 4217 psisse
226 4166 243 4202 o
256 4163 354 4204 xxvrr.
369 4145 461 4223 Athyr
475 4148 531 4224 (1x.
546 4148 612 4206 Kal.
627 4149 793 4228 Decembr.)
843 4161 895 4211 tur
902 4171 950 4210 vv.
959 4149 1023 4211 1-6.
1033 4169 1105 4227 quos
1112 4149 1291 4207 instauratos
1298 4149 1391 4208 edidit
1401 4150 1512 4208 D'Orv.

130 4261 158 4298 eo
170 4256 254 4321 pacto
267 4255 303 4303 ut
316 4229 475 4304 terminum
493 4245 630 4305 habuerit
647 4249 679 4304 in
693 4265 793 4307 xxvu.
843 4252 875 4308 in
883 4251 948 4308 Nor.
961 4251 1002 4308 ad
1011 4249 1152 4310 Chariton.
1166 4268 1194 4325 p.
1205 4251 1273 4308 524.
1303 4249 1470 4325 Walpolius
1481 4251 1511 4306 in

133 4339 236 4400 etatae
250 4345 292 4421 (x.
303 4344 368 4402 Kal.
379 4345 531 4418 Jsuuar.);
552 4347 622 4405 satis
635 4363 714 4406 certe
726 4369 792 4426 pro·
843 4349 908 4408 Itin.
933 4369 960 4427 p.
975 4347 1041 4414 467.
1062 4358 1093 4407 et
1113 4348 1274 4406 Hamilton.
1298 4349 1329 4406 in
1353 4349 1512 4424 AEppptr'ac.

130 4439 258 4512 habilem,
286 4463 378 4520 quum
405 4464 442 4502 ex
468 4465 579 4524 papyro
601 4465 689 4524 supra
715 4447 794 4507 dicto
844 4471 871 4528 p.
888 4454 960 4520 174.
976 4472 1023 4510 vv.
1041 4455 1105 4510 1-4.
1147 4451 1298 4526 Sequutus
1312 4462 1356 4510 est
1376 4452 1511 4508 D’Orvil-
