3994 5244
125 521 352 606 rasamenta]
758 516 942 585 THEBAE.
1461 523 1522 588 305

126 713 187 782 11.
202 713 267 784 39.
286 713 344 783 41.
362 724 400 783 et
416 710 460 783 al.
511 711 567 783 Re
584 711 663 808 ipsa
680 709 727 785 de
743 712 884 785 libertis
903 710 1056 788 Caesaris
1073 735 1224 786 munera
1240 711 1374 786 fiscalia
1390 713 1523 786 obeun-

125 837 230 910 tibus
258 835 368 911 tradit
397 836 553 913 Strabo:
582 828 814 932 unpe'rrovrut
838 826 879 908 δὲ
905 826 1051 913 τούτοις
1077 836 1146 934 (sc.
1174 836 1361 924 Praefecto
1386 837 1523 912 Dicaeo-

123 963 238 1056 dotae,
254 965 345 1058 ete.)
360 951 604 1057 ἀπελεύθεροι
624 954 819 1057 Καίσαρος
845 955 905 1036 καὶ
934 949 1124 1053 οὶκονόμοι
1151 953 1263 1057 μείζω
1291 957 1352 1034 καὶ
1380 952 1524 1036 ἐλάττω

122 1079 420 1179 πεπιστευμένοι
430 1075 645 1183 πράγματα.
675 1084 733 1162 Cf.
748 1085 832 1160 infr.
843 1107 969 1160 cnxlv.
983 1111 1015 1159 a.
1025 1088 1084 1158 35.
1101 1101 1139 1158 et
1149 1086 1257 1159 Dion.
1272 1085 1318 1158 de
1324 1087 1523 1184 Augusto:

123 1199 216 1288 τοὺς
237 1199 460 1307 ἐπιτρόπους
479 1206 516 1288 e'r
533 1201 658 1284 πάντα
676 1204 811 1304 ὁμοίως
839 1200 886 1284 τὰ
915 1202 1002 1303 ἔθνη
1031 1199 1079 1282 τά
1107 1237 1147 1282 τε
1175 1205 1307 1282 ἑαυτοῦ
1333 1199 1379 1303 δὴ
1397 1207 1458 1284 καὶ
1476 1203 1524 1285 τὰ

122 1337 195 1408 τοῦ
217 1327 350 1430 δήμου,
362 1323 449 1412 τοὺς
466 1326 536 1426 μὲν
552 1331 593 1408 ἐκ
611 1333 685 1409 τῶν
705 1327 858 1424 ἱππέων,
871 1323 956 1412 τοὺς
976 1325 1016 1406 δὲ
1037 1329 1097 1408 καὶ
1117 1329 1157 1407 ἐκ
1176 1333 1250 1405 τῶν
1264 1327 1523 1431 ἀπελευθέρων

122 1451 279 1551 πέμπει.
317 1461 490 1536 Ceterum
502 1462 727 1558 conjeceram
744 1460 781 1535 h.
793 1460 819 1534 l.
832 1460 909 1557 ipse
924 1464 1204 1532 ettvstucvs
1218 1484 1267 1534 ex
1279 1459 1470 1534 intervallo
1484 1461 1522 1536 in

123 1575 261 1674 lapide,
275 1578 374 1674 quod
388 1591 426 1652 et
438 1579 571 1654 Saltius
585 1579 777 1677 expressit.
800 1579 979 1652 Novimus
993 1603 1041 1651 ex
1055 1577 1215 1676 siglario'
1232 1583 1522 1653 Ρ1100·Α1.ΕΧ·

126 1701 306 1790 ΡΕΙΝΘΙ,
325 1697 400 1770 scil.
419 1695 638 1772 Procurator
655 1695 888 1772 Aaronom
904 1695 1101 1782 Pelusiacae,
1120 1698 1184 1794 qui
1201 1697 1371 1771 nimirum
1390 1700 1441 1773 ibi
1463 1725 1523 1774 ex-

124 1818 248 1892 ercuit
259 1817 497 1902 ministerium
513 1817 591 1912 ejus
608 1813 739 1889 fiscale.
780 1815 825 1888 In
842 1827 967 1888 nostro
984 1816 1099 1912 possit
1111 1814 1221 1889 fuisse
1238 1815 1340 1892 Prou.
1351 1814 1522 1892 Pelusiae.

127 1939 192 2032 qui
211 1936 310 2036 apud
327 1937 512 2011 Pelusium
530 1937 648 2034 ipsum
667 1934 830 2033 degebat.

204 2059 342 2154 Liquet
358 2081 406 2130 ex
424 2081 533 2154 supra
549 2055 656 2129 dietis
675 2055 790 2128 aetatis
808 2053 905 2127 tituli
923 2053 1073 2127 limitem
1093 2077 1171 2126 esse
1185 2055 1233 2129 U.
1248 2055 1289 2131 C.
1304 2055 1385 2128 951.
1401 2057 1462 2154 (Ρ.
1479 2057 1521 2132 C.

131 2181 251 2276 198.)‚
270 2179 307 2250 in
325 2199 399 2273 quo
416 2157 510 2250 anno
527 2176 735 2249 Antoninus
753 2174 927 2248 salutatus
945 2187 999 2248 est
1012 2173 1207 2274 Αυρυιτιιο.

731 2525 876 2603 CDXI.
902 2535 939 2620 φ.

313 2715 1326 2795 ΜΕΑΒΘνΟΩνΕΑνΚΕΞΜΕΜΝΟΝΙΞῪΟΧΙΝΟΙΒΙΤ

301 2839 1376 2918 innominatumectoevoevtvuttmmuxrmvm

336 2995 436 3072 Meos
451 3056 457 3070 .
475 2997 620 3098 Quoque
635 3055 642 3070 .
657 2997 778 3073 Aurea
797 3053 804 3070 .
819 2996 1019 3073 Memnonis
1038 3053 1044 3067 .
1068 2995 1166 3073 Vua.
1186 2996 1339 3073 Incidit.

334 3117 402 3192 Ea.
415 3177 422 3192 .
435 3119 575 3195 Nomen
593 3174 602 3194 .
617 3118 794 3194 Adueeto.
814 3118 957 3220 Quoque
975 3176 981 3190 .
997 3119 1120 3195 Votum
1139 3175 1146 3191 .
1167 3119 1389 3193 Maximam.

208 3320 400 3417 Descripta
416 3317 462 3393 de
481 3332 581 3418 parte
604 3318 724 3394 media
748 3319 864 3394 cruris
889 3319 981 3392 laevi.
1034 3317 1304 3396 Commemorat
1320 3319 1358 3391 in
1377 3319 1525 3392 senariis

133 3440 319 3514 Maximus
337 3465 374 3514 se
392 3465 414 3513 a
430 3441 625 3514 Memnone
644 3441 800 3539 benigne
818 3440 928 3516 fuisse
946 3452 1152 3538 exceptum.
1206 3441 1404 3536 Exemplar
1424 3441 1526 3516 Salti-

132 3587 240 3639 anum
260 3563 409 3638 secundi
426 3564 572 3662 perimit
589 3588 744 3650 versum,
762 3564 837 3638 soil.
855 3565 1413 3652 ,nomeuntcroevoeve
1431 3573 1499 3634 ete.
1543 3601 1546 3608 ·

209 3682 403 3758 Troehaiei
433 3681 594 3779 ejusdem
623 3696 801 3780 apparent
825 3707 933 3780 supra
960 3695 1106 3768 amntes,
1124 3705 1216 3777 quos
1240 3680 1395 3754 arbitror
1415 3678 1525 3753 tuisse

132 3815 324 3877 contextos
342 3827 453 3899 quum
479 3804 553 3898 jam
580 3800 740 3876 secunda
756 3801 835 3874 viee
860 3801 1049 3876 advenerit
1073 3801 1264 3874 Maximus.
1317 3802 1525 3874 Decurrunt

134 3925 178 3997 ad
197 3924 295 4002 huno
313 3921 472 4014 modum,
490 3934 668 4018 quatenus
686 3920 838 4018 vestigia
854 3919 922 3994 litt.
942 3942 1091 3992 exarare
1109 3919 1234 4016 potui:

172 4193 276 4251 ²Libr.
290 4207 366 4248 xvir.
379 4209 407 4266 p.
423 4190 506 4248 1131.
527 4187 582 4247 Ed.
593 4187 687 4246 Oxou.
893 4181 1052 4243 'Gerrara
1079 4181 1109 4238 in
1138 4178 1291 4240 Foreellin.
1320 4179 1411 4237 Lontt
1443 4181 1525 4236 leue.

173 4304 186 4326 ⁸
195 4290 438 4350 HistRom.1.111.
456 4290 500 4347 15.
854 4282 912 4342 vol.
925 4299 953 4340 11.
969 4302 996 4358 p.
1007 4283 1054 4342 58.
1069 4281 1121 4339 eoL
1136 4283 1162 4336 2.
