3994 5244
115 541 395 629 mmmcccxcrn]
520 533 539 594 -'
727 539 909 606 THEBAE.
1447 549 1511 614 283

115 719 315 830 Ἀχιλλεὺς
347 721 619 829 προσκυνήσας
651 725 851 829 ἱερώτατον
883 719 1065 825 Μέμνονα
1095 731 1156 808 καὶ
1193 727 1287 828 μετὰ
1318 725 1506 830 Εὐμένους

115 863 178 934 τοῦ
198 853 371 960 ἀδελφοῦ
391 851 603 938 έσακούσας
623 853 723 935 θείου
743 853 973 960 φθέγματος,
985 851 1196 964 ἀπέρχομαι
1218 859 1435 942 καταλιπὼν
1454 865 1506 969 τῷ

115 987 192 1097 ἰδίῳ
227 992 293 1097 υἱῷ
322 987 519 1096 Ἀμμωνίῳ
547 985 590 1070 τὸ
620 992 660 1069 ἐν
685 991 740 1096 ,τῷ
773 986 987 1096 ἀειμνήστῳ
1013 991 1109 1097 λίθῳ
1139 989 1208 1092 τὴν
1237 989 1507 1098 πεπραγμένην

622 1116 751 1227 φωνὴν
779 1117 999 1226 ἐγχαράξαι.

176 1331 372 1428 Descripta
382 1329 428 1404 de
439 1354 544 1404 crure
554 1329 658 1416 levo,
670 1328 778 1403 titulo
789 1328 897 1402 tertio
906 1329 1220 1428 Trebullae(supr.
1229 1331 1503 1426 ccccxxxrvt.)

114 1452 279 1548 proxime
297 1451 491 1548 supposita.
529 1449 731 1524 Meminere
749 1448 928 1522 adventus
947 1449 1106 1523 Achillis
1123 1451 1187 1548 qui
1205 1449 1338 1524 ductus
1354 1449 1505 1522 fortasse

112 1571 253 1645 iisdem·
268 1565 437 1668 auspiciis
462 1596 505 1645 ac
530 1572 563 1644 ei
590 1569 815 1669 cognominis
832 1570 870 1642 in
889 1593 1061 1646 ccccxvr.
1081 1595 1190 1668 supra
1215 1571 1337 1644 locum
1364 1595 1504 1644 sacrum

113 1691 317 1766 cumfratre
328 1689 450 1765 etfilio
461 1692 539 1787 ejus
553 1692 738 1764 inviserat.
751 1691 860 1765 Votis
872 1691 1099 1788 respondisse
1110 1693 1342 1765 Memnonem
1353 1692 1505 1787 (veteris

114 1813 312 1888 inimicitiae
340 1837 468 1911 parum
496 1813 712 1909 memorem)
731 1812 852 1900 tradit,
879 1837 989 1907 seque
1013 1814 1206 1886 abeuntem
1228 1813 1305 1888 filio
1322 1815 1400 1910 ejus
1420 1816 1506 1886 Am·

114 1935 235 2006 monio
264 1959 389 2007 curam
416 1933 604 2008 mandasse
631 1947 673 2007 ut
701 1934 739 2006 in
768 1935 991 2007 monimento
1018 1936 1097 2031 ipso
1127 1934 1504 2007 commemorationem

114 2055 279 2128 miraculi
295 2055 520 2128 inscriberet.

187 2175 329 2249 Retulit
345 2173 522 2248 Pocoelr.⁸
537 2173 644 2260 unde,
662 2174 921 2248 instauratione
939 2173 1041 2259 facta.
1059 2173 1175 2247 edidit
1192 2173 1337 2248 Jacobs.
1373 2175 1505 2246 Denuo

114 2321 160 2368 ex
173 2295 317 2370 schedis
333 2296 437 2371 Saltii
448 2297 675 2370 Letronnius.
727 2297 873 2371 Mendis
891 2297 982 2370 adeo
1000 2308 1114 2371 scatet
1130 2295 1319 2393 exemplar
1330 2294 1503 2368 Pococki·

114 2441 221 2489 anum
244 2430 287 2489 ut
312 2415 527 2514 paucissima
552 2414 686 2488 exinde
709 2417 844 2488 eruerit
866 2415 985 2489 editor
1002 2413 1281 2488 Monachiensis.
1348 2415 1504 2488 Felicius

114 2535 221 2610 cessit
234 2536 356 2622 Saldo,
375 2537 481 2631 cujus
499 2547 583 2608 sunt
602 2541 867 2612 ΕΟΑΚΟΥΟΑΙ
884 2537 921 2609 in
939 2536 1000 2609 fin.
1020 2562 1055 2609 v,
1070 2539 1102 2610 2.
1121 2535 1212 2610 etin
1230 2539 1263 2610 4.
1283 2535 1375 2608 med.
1392 2541 1503 2610 ΥΝΟ.

115 2657 344 2749 Quadratarii
361 2655 532 2729 videntur
554 2655 664 2730 fuisse
684 2662 919 2731 ΕΥΜΕΝΟΟ
935 2657 971 2729 in
991 2659 1023 2730 2.
1042 2657 1117 2730 init.
1136 2661 1395 2731 ΑΓΙΕΡΧΟΜΕ
1412 2657 1448 2728 in
1468 2660 1502 2728 3.

115 2779 180 2850 sub
205 2777 300 2850 med.
329 2776 412 2876 (sed
435 2776 526 2849 coni.
552 2801 650 2873 supr.
684 2799 833 2852 conxm.
862 2799 997 2851 cccxv.
1027 2789 1064 2850 et
1093 2777 1131 2849 in
1161 2777 1261 2851 Fasc.
1281 2799 1320 2850 11.
1349 2802 1408 2882 nn.
1434 2799 1502 2850 cm.

115 2919 219 2972 cccv.
239 2909 276 2970 et
298 2897 377 2992 al),
400 2909 437 2970 et
452 2901 812 2972 ΤΟΑΕΙΜΝΗΟΤΟ
829 2898 866 2968 in
892 2900 926 2968 4.
946 2897 1014 2970 sub
1033 2895 1095 2970 fin.
1147 2897 1239 2970 Haec
1261 2896 1502 2970 recentiorum

115 3017 237 3090 sordes
255 3028 425 3103 emutat
448 3039 542 3112 supr.
560 3016 597 3087 in
622 3027 709 3113 typo
727 3015 866 3088 nummi
884 3013 1035 3112 Byzant.
1054 3040 1088 3112 p.
1104 3017 1187 3088 215.
1242 3013 1402 3088 Videtur
1419 3040 1505 3111 quo-

115 3162 183 3232 que
201 3139 323 3210 littera
345 3137 568 3233 postscripta
594 3135 706 3209 fuisse
734 3137 772 3209 in
791 3136 859 3210 hac
884 3149 987 3234 parte
1007 3138 1151 3223 omissa,
1171 3139 1276 3234 cujus
1303 3138 1501 3211 secundum

113 3258 368 3355 grammaticen
398 3255 614 3330 adhibendae
641 3281 768 3354 parurn
797 3258 952 3330 scientes
977 3255 1126 3330 suerunt
1143 3257 1318 3354 AEgyptii.
1370 3257 1412 3327 ln
1438 3257 1502 3328 ult.

114 3381 362 3456 duriusculum
380 3395 436 3455 est
451 3367 718 3478 πεπραγμένην
738 3371 879 3480 φωνήν.
932 3381 1118 3478 Intelligas
1143 3367 1407 3486 πςπραγμένης
1426 3379 1501 3478 φω-

116 3504 175 3600 νῆς
193 3497 352 3601 μνήμην,
370 3508 460 3582 occu
477 3519 610 3590 esacrae,
624 3505 683 3578 vel
696 3517 916 3604 comparator,
930 3503 1143 3590 messoriam,
1159 3527 1240 3575 nam
1256 3503 1388 3575 usitata
1401 3519 1503 3575 erant

114 3623 288 3727 πράττειν
306 3622 499 3729 ἀργύριον,
524 3616 666 3726 κέρδος,
690 3619 843 3720 μισθόν.
887 3626 993 3703 Conf.
1012 3652 1106 3725 supr.
1126 3649 1274 3702 ccxcv1.
1296 3629 1325 3699 7.
1379 3629 1421 3700 ln
1439 3627 1499 3699 fin.

115 3755 277 3854 supplevi
295 3743 502 3854 ἐγχαράξαι
519 3779 567 3827 ex
584 3777 784 3830 ccccxvnr.
807 3758 860 3826 12.
889 3755 1057 3827 Poteram
1075 3740 1277 3852 ἐγγράψαι.

151 4025 162 4059 ⁵
177 4015 238 4074 Ubi
259 4031 356 4090 supra,
373 4013 443 4070 Tab.
458 4029 571 4071 xxxix.
594 4013 652 4070 ima
671 4031 780 4070 versus.
833 4029 860 4087 p.
873 4007 920 4075 69.
942 4011 1079 4068 Letronn.
1101 4009 1132 4066 in
1147 4008 1218 4066 Actt.
1231 4019 1275 4066 αι.
1297 4029 1324 4085 p.
1338 4007 1385 4068 64.
1401 4031 1428 4068 n.
1445 4029 1502 4068 mv.

116 4110 178 4171 Lcc.
200 4113 316 4172 Jacobs.
335 4119 380 4169 eat
402 4111 433 4168 in
447 4109 659 4186 Deukaclriften
673 4129 698 4166 u
712 4130 733 4168 s.
749 4130 781 4168 ιο.
834 4115 879 4170 33.
