3918 5240
466 503 530 568 160
866 503 1220 573 INSORIPTIONES
1242 505 1435 574 GRAEGAE.
1594 507 1851 597 [ruscucccnru.

465 717 681 790 expressam.
729 693 836 767 Hanc
852 703 990 790 purtem
1009 691 1094 766 satis
1111 691 1345 766 adamussim
1363 689 1544 765 dederunt
1556 689 1607 764 H.
1621 705 1659 766 et
1670 691 1767 765 ΕΗ.
1810 694 1851 765 In

467 813 498 883 5.
516 811 592 884 init.
610 809 658 884 P.
677 810 787 884 habet
804 806 1324 908 ΟΥΙΙΟ....Υ[Ο]..ΙΙ.
1387 811 1522 884 lncet
1540 811 1670 885 lacuna
1686 827 1750 886 est.
1802 811 1849 886 H.

467 939 579 1006 ΕΠΙΙῚ
597 983 762 1006 ......
781 935 862 1005 1οΥ
866 981 1355 1004 ................
1366 936 1489 1006 ΑΡΧΟ
1500 983 1845 1007 ............

467 1057 744 1128 ΗΡΞΑΤΟΕΡΓ
744 1056 824 1127 ΟΝ.
893 1049 1079 1124 Deficiunt
1104 1049 1221 1146 prime
1241 1050 1280 1124 in
1303 1049 1399 1124 L’H.
1462 1051 1602 1128 Ultima
1625 1053 1677 1125 sic
1701 1051 1848 1144 dantur;

467 1175 1268 1249 ΠΑΡΧΟΥΑΜΥΠΤΟΙΗΡΞΑΤΟΤΟΕΡΓΟ.
1320 1173 1364 1245 In
1382 1173 1418 1246 6.
1436 1171 1553 1270 prime
1574 1197 1657 1270 pars
1682 1173 1785 1246 abest
1807 1173 1849 1244 ab

467 1294 655 1367 omnibus:
683 1291 854 1366 nimirum
868 1289 986 1364 fuerat
998 1290 1164 1376 abscissa,
1182 1291 1285 1365 aditu
1295 1315 1404 1390 supra
1415 1305 1614 1366 memorato
1625 1291 1671 1366 ad
1685 1294 1851 1367 interiora

464 1413 569 1488 fecto.
630 1413 786 1509 Reliqua
809 1411 907 1486 varie
929 1410 973 1483 P.
995 1408 1045 1483 H.
1068 1408 1164 1483 ΕΗ.
1192 1415 1631 1504 ΟΥΝΕΤΕΛΕΟΟΙΙΔΟ,
1662 1418 1849 1486 ΟΥΝΕΤΕ

464 1538 708 1620 ΛΕΟΑΝΔΟ,
731 1537 1167 1607 (ΣΥΝΕΤΕΛΕΟΘΗΛΟ.
1234 1531 1343 1625 Quod
1368 1531 1471 1606 dedit
1487 1531 1537 1604 Η.
1557 1534 1759 1607 necessario
1783 1533 1849 1608 fert

465 1679 588 1730 secum
614 1679 705 1752 opus
734 1652 844 1727 fuisse
872 1667 1057 1751 peractum
1089 1653 1292 1750 sumptibus
1318 1653 1523 1741 conlatitiis‚
1541 1655 1643 1750 atqui
1668 1653 1737 1728 hoc
1755 1671 1848 1729 vemt

464 1780 555 1854 fides
572 1779 710 1877 lapidis.
763 1779 807 1852 111
825 1804 857 1851 v.
874 1781 905 1850 r.
928 1779 969 1852 P.
995 1761 1269 1870 deucrous,
1287 1790 1353 1851 esc.
1408 1778 1504 1852 Dein
1528 1785 1693 1854 seror.
1752 1779 1848 1856 sistit

467 1927 551 1976 cum
570 1909 596 1974 Γ
597 1907 881 1993 ΕΡΜΑΝΙΚΟΥ,
895 1901 954 1975 cui
972 1905 1535 1976 ΔΑΚΙΚΟΥΥΓΙΑΡΧΞΣΝΤΟΟ
1554 1901 1849 1998 subjiciunturab

463 2021 513 2096 H.
560 2024 674 2096 Erant
690 2045 820 2118 nempe
836 2021 1026 2094 intervalla
1043 2021 1139 2094 ultra
1154 2021 1316 2117 citraque
1333 2043 1465 2094 nomen
1483 2019 1616 2094 mensis
1634 2046 1716 2118 quse
1732 2022 1847 2120 exple-

463 2155 566 2217 verat
581 2141 638 2214 vir
655 2139 756 2214 erud.
775 2139 884 2213 illatis
901 2139 1037 2212 alienis.

539 2261 713 2356 Quaedam
732 2258 939 2357 explicandi
956 2258 1071 2356 gratia
1087 2283 1184 2332 nunc
1203 2257 1375 2332 tentanda
1392 2271 1485 2332 sunt.
1525 2259 1698 2334 Formula
1710 2261 1846 2334 exordii

462 2385 648 2460 notissima
676 2393 754 2456 est:
791 2377 884 2454 conf.
909 2380 1010 2452 Fasc.
1024 2401 1062 2452 11.
1081 2404 1116 2450 n.
1129 2401 1278 2454 comm
1296 2402 1352 2451 vv.
1368 2379 1449 2452 1-6.
1467 2378 1531 2452 ubi
1548 2377 1682 2452 dantur
1698 2380 1847 2478 explica·

462 2509 565 2591 tiore,
583 2504 724 2580 collatis
741 2501 906 2600 plurimis
918 2500 958 2572 in
970 2498 1041 2572 hoc
1054 2497 1125 2571 vol.
1145 2519 1278 2572 cccnu.
1299 2519 1478 2584 ccccm,
1492 2508 1561 2571 etc.
1617 2495 1846 2574 Germanicus

462 2628 564 2704 audit
577 2628 798 2722 Imperator:
819 2620 965 2695 titulum
980 2643 1153 2718 agnoscas
1167 2618 1378 2716 adoptivum
1388 2643 1410 2693 a
1421 2620 1543 2693 Nerva
1553 2619 1778 2718 profectum‘.
1807 2623 1847 2695 In

461 2779 494 2826 v.
509 2754 541 2824 2.
561 2746 758 2823 secundum
774 2755 898 2818 notata
909 2767 1017 2840 supra
1027 2740 1296 2839 exspectaveris
1306 2745 1627 2816 ΟΥΝΠΑΝΤΟΟ.
1658 2740 1701 2814 In
1714 2741 1845 2826 lacuna

461 2895 569 2970 quam
595 2869 689 2942 sicut
713 2878 852 2941 ceteras
876 2889 959 2962 quae
984 2875 1186 2962 sequuntur
1202 2861 1426 2946 dimetiebar,
1444 2860 1577 2935 desunt
1600 2861 1732 2936 litterae
1750 2863 1846 2959 quasi

462 2989 675 3066 duodecim:
703 2985 787 3060 ideo
813 2985 963 3082 explent
985 2983 1070 3056 satis
1094 3007 1183 3080 quas
1205 2980 1408 3054 interserui.
1462 2979 1562 3066 Pani,
1588 2979 1627 3053 id
1653 2991 1708 3053 est
1723 2979 1845 3064 Kurra,

462 3113 532 3188 deo
548 3109 709 3187 maximo
725 3107 763 3180 in
777 3104 955 3180 Pantheio
970 3101 1252 3203 AEgyptiorum⁶‚
1267 3101 1409 3175 dicatur
1425 3097 1658 3199 p‘ropylaeum.
1713 3101 1757 3174 In
1774 3127 1805 3174 v.
1816 3103 1845 3173 3.

462 3231 626 3306 deiectus
643 3239 722 3300 erat
747 3225 815 3298 litt.
833 3223 978 3298 circiter
1004 3221 1188 3308 tredecim,
1206 3245 1315 3318 quem
1334 3219 1442 3294 video
1469 3219 1677 3318 suppletum
1699 3220 1739 3294 in
1759 3221 1844 3294 Tab.

461 3354 634 3426 Letronn.
653 3343 846 3442 supradict.
868 3367 934 3440 per
958 3344 1229 3425 ΝΕΡΞΣΝΟΟ,
1247 3337 1346 3435 quod
1373 3361 1457 3411 sane
1482 3338 1689 3436 praegressis
1716 3339 1846 3437 optime

460 3468 624 3570 quadrat.
677 3464 915 3560 Oonjeceram
940 3461 1017 3558 ipse
1037 3461 1358 3533 suntmuoc.
1409 3457 1466 3529 De
1483 3457 1583 3530 tribu
1600 3454 1752 3542 Quirina
1770 3481 1846 3554 que

461 3593 529 3666 sub
556 3600 648 3664 extr.
676 3597 897 3660 memoratur
926 3582 1010 3656 vide
1039 3582 1139 3656 Fasc.
1162 3603 1199 3654 11.
1226 3579 1279 3654 tit.
1309 3599 1414 3654 cvm.
1441 3579 1475 3651 6.
1539 3579 1583 3652 In
1600 3602 1635 3650 v.
1653 3580 1687 3651 4.
1717 3577 1847 3652 dicitur

461 3714 634 3816 propylaei
644 3711 811 3788 conditor
821 3709 931 3784 fuisse
946 3697 1021 3781 ἀπὸ
1034 3699 1111 3802 (vel
1127 3696 1184 3806 ἐκ)
1205 3701 1274 3777 τῶν
1294 3691 1645 3802 κεχιλιαρχηκότων,
1663 3700 1846 3797 quodver·

500 3924 509 3948 ⁰
525 3911 607 3972 Conf.
620 3911 698 3968 Plin.
715 3909 879 3984 Panepyric
894 3925 935 3965 rx.
950 3910 978 3964 2.
1018 3905 1127 3974 Eidem
1178 3904 1235 3964 hel.
1252 3922 1293 3964 vr.
1307 3924 1356 3983 pp.
1370 3907 1438 3970 4⁵9.
1453 3923 1476 3963 s.

459 4029 543 4088 quum
560 4007 714 4069 Gmnanru
722 4005 887 4082 procideret,
904 4003 1070 4063 Germanici
1080 4021 1128 4060 no·
1217 4005 1326 4065 “Confi
1341 4004 1480 4064 Herodot„
1494 4021 1525 4064 11,
1543 4005 1608 4064 145.
1630 4005 1702 4084 Πιιςς
1718 4007 1846 4076 Alauni-

458 4127 518 4166 Μ
530 4107 593 4164 hinc
605 4107 737 4164 mt'awm:
758 4105 907 4174 nimirum,
926 4103 995 4180 jure
1014 4103 1127 4179 adopti-
1178 4129 1227 4162 ares
1247 4101 1342 4161 dini·
1358 4103 1402 4178 μὴ
1415 4103 1589 4182 tignarium
1602 4107 1649 4161 ui
1662 4106 1710 4161 τὸι
1722 4108 1790 4160 iarn
1803 4129 1845 4160 rm
1951 4119 1952 4122 ’

457 4209 529 4276 onis,
544 4225 603 4282 quo
616 4205 647 4261 in
657 4223 755 4262 omnes
765 4205 857 4280 patris
865 4203 969 4262 titulos
979 4203 1126 4261 successit.
1178 4203 1281 4282 ψ’τυν
1295 4198 1432 4278 semim
1446 4204 1507 4260 trois.
1544 4199 1623 4259 ndu
1632 4201 1751 4260 Diodor.
1769 4219 1787 4259 1.
1805 4203 1843 4260 ln

458 4307 567 4366 Eodem
580 4313 723 4381 etpostea
737 4303 913 4362 Hadrianus.
955 4303 1032 4362 Vide
1050 4302 1127 4360 nek—
1178 4312 1310 4362 etauctt.
1324 4301 1374 4360 cit.
1388 4301 1419 4359 in
1433 4313 1493 4360 not.
1509 4319 1587 4376 supr.
1602 4319 1623 4358 a
