3994 5242
479 509 518 574 36
843 510 1195 579 INSCRIPTIONES
1218 513 1411 584 GRAEOAE.
1436 516 1864 602 [tusonccnxxuccnxxnx.
1989 545 1990 582 ³

477 721 564 771 vero
581 675 767 771 excusatio
784 697 881 795 apud
897 699 1060 786 lectores,
1078 724 1140 774 eos
1164 703 1360 798 praesertim
1389 703 1452 800 qui
1477 705 1572 779 inter
1596 705 1798 780 litterarum
1827 711 1866 780 si·
1975 746 1990 764 ·-

476 819 635 891 mulacra
657 817 865 914 hujusmodi
888 830 925 892 et
953 819 1022 916 ipsi
1044 819 1179 894 fuerint
1202 823 1396 919 aliquando
1412 826 1555 898 versati.
1610 825 1866 924 supplementa
1975 796 1980 829 ι

476 937 651 1033 quaedam,
675 935 766 1010 dicis
789 961 905 1019 causa,
932 939 1078 1032 tentavi,
1096 941 1436 1040 emendationesque
1454 945 1615 1042 expressi
1639 946 1797 1020 maxime
1816 973 1864 1020 se·
1979 961 1990 1040 ξ

475 1058 633 1131 cundum
662 1057 792 1131 ductus
818 1059 1079 1134 elementorum
1106 1086 1189 1159 quae
1210 1063 1344 1137 chartis
1365 1064 1626 1138 mandaveram.
1677 1066 1768 1140 Ideo
1785 1093 1864 1164 quae

475 1179 514 1251 in
540 1177 743 1251 meditullio
761 1201 887 1250 versus
912 1179 1018 1275 primi
1042 1181 1178 1254 inserui
1205 1183 1415 1256 aestimaturi
1440 1195 1525 1257 sunt
1547 1208 1613 1281 pro
1632 1209 1697 1257 suo
1714 1187 1863 1260 arbitrio

475 1305 646 1403 legentes,
664 1305 871 1402 pariterque
892 1292 1044 1400 ὀδύρετε
1064 1304 1159 1378 illud
1184 1319 1292 1402 atque
1310 1299 1520 1406 ἅφανισθέν
1535 1309 1574 1381 in
1600 1311 1770 1384 secund0.
1824 1315 1865 1386 In

476 1428 583 1502 tertio
609 1432 805 1503 ΟΔΕΥΩΝ
839 1415 939 1501 stare
961 1429 1099 1524 nequit.
1163 1431 1318 1503 Tentavi
1344 1432 1501 1528 primum
1531 1437 1761 1507 oscitanti
1792 1425 1863 1533 (dd

476 1547 619 1653 εὕδων),
638 1579 776 1628 memor
793 1555 963 1630 versiculi
981 1555 1172 1630 Moscheni
1210 1557 1282 1650 Qui
1299 1557 1370 1631 hoc
1386 1559 1488 1631 malit
1504 1557 1609 1632 facile
1627 1560 1723 1656 leget
1734 1559 1772 1631 in
1784 1583 1817 1630 v.
1834 1563 1862 1631 l.

475 1679 586 1752 τοῦτο
611 1669 654 1752 τὸ
678 1676 805 1772 μνῆμα
822 1679 881 1753 vel
907 1679 997 1776 quid
1022 1680 1149 1768 simile,
1175 1693 1213 1754 et
1237 1681 1276 1754 in
1293 1684 1326 1754 2.
1353 1683 1419 1754 νῦν
1438 1671 1641 1755 ἀπόκειται.
1695 1683 1864 1756 Notanda

475 1801 620 1875 demum
638 1801 791 1874 veniunt
806 1825 911 1897 posse
928 1804 1150 1876 ΦΙΛΙΣΤΟΥ
1166 1798 1259 1872 illud
1282 1799 1320 1872 in
1337 1825 1369 1872 v.
1384 1802 1417 1872 2.
1437 1823 1515 1874 esse
1539 1825 1671 1874 nomen
1689 1799 1863 1894 defuncti,

475 1935 512 1995 et
528 1922 694 1997 elisiones
721 1947 799 1996 esse
822 1923 860 1996 in
886 1924 1002 2020 prima
1018 1935 1055 1996 et
1072 1922 1178 1995 tertia
1200 1921 1285 1994 sede
1304 1946 1336 1994 v.
1356 1925 1389 1995 3.
1408 1947 1497 2019 quas
1514 1922 1609 1996 inter
1626 1922 1863 2020 sculpendum

474 2041 620 2117 videtur
636 2044 907 2141 praetermisisse
931 2043 1195 2142 quadratarius.
1247 2043 1366 2140 Atqui
1384 2043 1467 2118 vide
1485 2042 1579 2116 infra
1603 2044 1657 2117 tit.
1683 2063 1810 2118 cccxc.
1830 2045 1862 2115 6.

473 2177 575 2238 metr.

942 2363 1205 2437 sesanna
1233 2361 1398 2464 (auu)

1011 2592 1264 2668 CCLXXIII.
1291 2617 1321 2664 a

550 2784 689 2852 ΚΡΑΤ
705 2778 1645 2851 [ΤΩΘΕΟΥΟΥΕΙῘΠΑΙΞΙΑΝΟΥΥΙΩΚΑΙΕΑΡΙΟΥΕ

550 2890 1687 2964 nstnsuntussatmuvxteuttmutttmnttmut’xtxut

549 2991 1836 3084 ῑΙΑΕΤΟῙΑΥΤΟΚΡΑΤΟΡΙΤΟΕΥΠΑΤΩΤΟΗΠΑΤΡΙΠΑΤΡΙΔΟΠ

549 3133 735 3203 ΕΙΜΗΤΗ

474 3251 495 3321 5
548 3249 1026 3321 ΕΠΙΤΙΤΟΥΑΥΡΗΛΙΟΥ.
1042 3246 1814 3317 ,ΥΙΤΟΥΠΡΕΕΒΕΥΤΟΥΚΑΙΑΝΤΙΠΡΑ

603 3365 1863 3440 ΥΤΟΥΕΕΒΑΕΤΟΥΚΑΙΓΑΙΟΥΜΗΝΙΟΥΛΟΝΓΟΥΕΠΙΤΡΟΠΟΥ

548 3486 1806 3562 [ΕΒΑΕΤΟΥΑΠΕΡΑΕΙΤΩΝΚΑΙΤΩΝΕΥΝΠΟΛΕΙΤΕΥΟΜΕΝΩΝ

519 3605 1864 3685 ΗΒΟΥΛΗΚΑΙΟΔΗΜΟΕΤΟΒΑΛΑΝΕΙΟΝΚΑΙΤΟΠΡΟΕΤΟΟΝΚΑἹἘ

1287 3725 1818 3797 [ΚΕΥΑΕΕΝΕΚΘΕΜΕΛΙΩΝ

471 4069 650 4175 μεγίστῳ,
677 4064 989 4173 Δημαρχικῆςξ
944 4103 960 4146 ε
989 4065 1120 4151 ouvius
1146 4063 1188 4146 τὸ
1214 4054 1388 4162 ,dixeram
1417 4060 1735 4167 Αὐτοκράτορι
1699 4098 1741 4144 το
1766 4062 1858 4163 πίμ-

997 4313 1109 4372 Cous.
1119 4311 1256 4388 Idyll,11u
1271 4313 1334 4369 lll.

476 3933 678 4040 Κρατῖστῳ
709 3939 796 4014 θεοῦ
818 3935 1177 4015 Οὐεσπασιανου
1144 3935 1209 4042 ‹tuf›
1241 3931 1420 4036 Καίσαρι,
1451 3933 1649 4038 Σεβαστῷ,
1676 3929 1864 4091 Ἀρχιερεῖ
1989 3981 1990 4000 2
