3994 5244
155 557 257 604 maon.
272 537 434 626 coctura]
762 539 946 606 THEBAE.
1482 541 1547 606 223

152 727 346 826 porrigitur
362 724 409 800 ad
426 724 543 823 ripam
562 723 822 798 occidentalem
836 725 924 800 Nili.
968 727 1150 800 Memorat
1166 725 1313 823 quidam
1333 726 1436 800 Hero
1452 727 1546 826 (He-

152 846 288 945 raeusi)
303 846 399 920 filius
419 844 638 944 (Batonisi)
652 869 690 918 se
707 844 838 918 adiisse
849 844 1073 921 Memnonem
1089 871 1171 922 oum
1191 846 1333 922 Achille
1353 847 1462 944 (scite
1479 871 1546 946 pro

150 968 336 1044 occasione
354 967 497 1042 delecto
514 967 646 1041 comite
658 967 687 1060 !)
706 977 744 1042 et
769 967 860 1060 eliis,
877 991 1078 1064 vocemque
1105 968 1293 1042 colummis
1321 967 1545 1042 auscultasse

153 1089 366 1165 decurrente
393 1088 483 1164 hora
508 1089 634 1187 prima,
655 1088 884 1164 recordatum
911 1089 1020 1163 simul
1045 1089 1273 1186 quorundam
1291 1090 1356 1186 qui
1373 1088 1545 1163 videntur

149 1350 322 1427 Dnmprioa
339 1351 376 1427 os
385 1350 427 1410 tie
444 1350 526 1419 Euat,
539 1351 597 1408 rol.
612 1367 631 1408 1.
655 1370 704 1428 pp.
719 1353 782 1411 101.
796 1369 819 1410 s.
868 1351 994 1412 artificio
1012 1371 1080 1412 oum
1098 1355 1188 1414 rebus
1206 1355 1343 1432 Trojanis
1365 1376 1483 1422 nexum,
1499 1358 1543 1415 in-

151 1459 179 1506 et
202 1449 363 1508 recentiore
382 1449 489 1520 studio,
511 1449 631 1518 Saltiua,
654 1449 819 1526 archiprox.
867 1451 941 1510 duta
949 1453 1043 1530 specie
1052 1453 1108 1512 filii
1117 1456 1244 1514 Aurora
1255 1465 1285 1513 et
1295 1455 1425 1514 Tithoni.
1461 1455 1544 1514 Cous.

150 1547 280 1606 Britanm
294 1548 326 1606 in
340 1547 416 1625 AEg„
438 1547 629 1608 Hamiltonus
649 1549 680 1606 in
689 1548 821 1626 AEpypti·
869 1551 966 1630 Heyn.
981 1552 1103 1612 Eecurs.
1117 1555 1156 1612 ud
1168 1554 1285 1614 AEceid.
1298 1571 1317 1612 1
1331 1557 1399 1620 489.

150 1647 214 1717 acis,
228 1666 315 1726 opere
338 1647 425 1706 toties
446 1645 574 1715 laudato,
590 1646 750 1722 exquibus
769 1665 818 1722 po·
907 1649 1063 1709 Salutandi
1077 1651 1254 1710 miraculum
1268 1652 1356 1710 etiem
1376 1671 1456 1710 nuuc
1469 1653 1542 1710 refe-

150 1746 293 1804 tissimum
314 1765 367 1803 sua
379 1745 525 1822 excerpsit
546 1743 700 1802 Russellus
721 1743 752 1801 in
773 1763 818 1822 op.
867 1759 941 1808 runt
960 1750 1073 1808 Arabes
1095 1769 1147 1827 per
1168 1749 1399 1826 designationem
1422 1750 1541 1808 illorum

156 1845 228 1906 Vt'tw
248 1848 285 1923 ⁰s
300 1847 406 1904 mm
429 1846 489 1903 and
510 1845 625 1903 modern
642 1843 747 1920 Emi,
769 1863 817 1921 PP·
867 1839 1032 1916 cmi-ii.
1066 1849 1131 1908 Hoc
1139 1849 1228 1907 didici
1237 1869 1274 1907 ex
1283 1848 1434 1908 comarcba
1443 1847 1510 1906 Ate
1522 1849 1544 1905 ’i

150 1945 292 2005 tls-220.
321 1946 515 2014 Postremum,
525 1943 704 2002 Wilkinson.
713 1943 744 2001 111
751 1962 818 2020 opp.
865 1945 982 2022 chjcij‚
998 1946 1050 2022 qui
1070 1965 1185 2006 mecum
1197 1947 1230 2004 in
1244 1945 1312 2006 sede
1326 1945 1473 2005 Thebaica
1484 1946 1541 2004 eir·

150 2043 263 2121 [ΕΜ.
278 2044 373 2120 Amo.
395 2059 433 2102 iv.
454 2063 482 2122 p.
501 2045 566 2110 109.
606 2043 722 2119 Topoqr.
739 2042 818 2102 ruso.
865 2045 1009 2104 tuitiones
1022 2045 1101 2115 iecit,
1120 2045 1299 2123 insuperque
1312 2046 1429 2103 vicanos
1444 2045 1541 2104 Colos-

149 2162 196 2222 pp·
210 2143 326 2212 3237„
341 2143 450 2220 quibus
464 2143 612 2220 paulisper
624 2143 773 2202 1111101111
783 2143 818 2200 li·
865 2163 931 2202 sum
956 2145 1100 2204 minorem
1126 2145 1228 2203 solitos
1248 2163 1352 2202 vocare
1383 2136 1538 2212 midi,

150 2243 198 2302 bet
210 2245 241 2301 in
254 2244 380 2320 gratiam
395 2241 603 2302 studiosorum.
865 2261 924 2319 qua
937 2241 973 2301 de
986 2261 1073 2300 causa
1084 2243 1196 2319 ignoro,
1206 2241 1263 2300 nisi
1277 2243 1314 2300 ob
1323 2261 1428 2300 vocum
1442 2242 1539 2300 homo·

186 2347 357 2407 Statuitvir
368 2345 617 2404 instructissimus
627 2345 759 2404 colossos
771 2365 818 2404 or·
864 2341 1010 2418 phoniam.
1051 2341 1234 2400 Crediderim
1247 2341 1412 2399 meminisse
1426 2341 1540 2399 Arabas

148 2465 228 2507 nasae
247 2447 318 2506 hine
343 2447 412 2505 inde
438 2447 600 2506 Memnonii
622 2445 767 2515 dromum‚
787 2455 818 2505 et
864 2439 944 2498 hune
964 2440 1028 2500 soni
1047 2439 1153 2498 edendi
1172 2440 1342 2498 facultatem
1364 2457 1422 2496 non
1445 2439 1539 2496 habu-

148 2553 366 2622 repreaentasse
389 2543 570 2604 conditorem
589 2541 706 2612 edium,
722 2545 817 2602 Amu-
863 2539 929 2609 isse,
953 2539 1075 2616 proinde
1094 2538 1267 2615 designasse,
1290 2539 1360 2596 satis
1380 2538 1453 2596 scite
1473 2556 1539 2596 eon-

149 2645 307 2723 uophthem
318 2645 385 2715 nt,
395 2645 483 2720 cujus
495 2643 717 2704 aetasdefinitur
726 2643 818 2702 fuisse
863 2638 932 2698 fieta
954 2658 1025 2698 voce
1047 2657 1085 2697 ex
1113 2630 1197 2748 siu,
1220 2638 1305 2714 quasi
1325 2635 1423 2714 piton
1446 2636 1542 2694 cameli

147 2747 816 2826 1111311411.11101111101111.
864 2737 963 2807 fuerit
978 2737 1040 2796 te-
1053 2738 1135 2795 nuo
1147 2737 1243 2795 orda

147 2849 231 2917 57-9.
242 2869 311 2909 cum
323 2851 439 2925 Topopr.
452 2849 503 2906 rt.
518 2868 545 2926 p.
557 2853 604 2910 33.
625 2848 715 2905 Hunc
725 2848 816 2905 Mem·
903 2839 997 2916 Magis
1009 2859 1080 2898 vero
1093 2839 1240 2916 profuerit
1253 2857 1384 2915 quaerere
1396 2839 1538 2916 originem

147 2967 219 3006 aoao
245 2947 389 3006 vocabant
416 2947 511 3005 Graeei
541 2945 634 3026 (unde
661 2945 817 3004 Strabonis
864 2940 990 2997 nominis
1008 2937 1087 3016 quod
1107 2939 1169 2997 sedi
1182 2939 1239 3016 ipsi
1253 2939 1368 2996 Arabes
1387 2939 1537 3006 tribuunt,

148 3043 368 3121 Moaaoaeioa);
389 3045 502 3124 decepti
522 3045 664 3103 nimirum
677 3043 817 3103 similitu·
864 3039 943 3097 unde
961 3038 1161 3096 Memnonium
1184 3037 1349 3115 appellatur
1369 3029 1535 3136 &bifidi

147 3147 212 3206 dine
235 3165 374 3205 sonorum
397 3144 507 3220 Μίμιυι,
525 3154 556 3203 et
569 3142 668 3202 Amaia
689 3143 817 3202 111Μί-
865 3141 1005 3218 Suspicor
1023 3148 1054 3197 et
1073 3140 1104 3196 in
1118 3138 1173 3196 hoo
1191 3139 1379 3215 antiquitatis
1395 3141 1538 3198 rationem

146 3244 244 3304 Amaia
270 3243 427 3304 Sesostridi
456 3263 509 3303 suo
536 3244 752 3302 attributorum
780 3243 818 3300 ab
864 3239 986 3309 baberi3
1010 3259 1077 3296 nam
1101 3238 1204 3297 triadis
1229 3237 1381 3297 Thebaica
1403 3239 1538 3315 princepe

146 3345 304 3426 AEgyptiis,
332 3345 431 3402 statim
458 3343 529 3402 huie
555 3343 727 3402 tribuebant
753 3361 818 3418 qun
864 3339 1044 3406 eratAmua,
1064 3356 1151 3414 quan
1173 3337 1267 3416 Riguis
1280 3337 1419 3395 effinxere
1435 3337 1538 3406 Greci,

145 3441 277 3518 plurium
303 3442 426 3500 fuerunt
452 3442 579 3520 propria,
607 3441 706 3518 qualia
734 3451 818 3500 erant
864 3436 1115 3512 indeoomiperum
1125 3437 1256 3505 Romani,
1269 3437 1326 3494 sub
1339 3437 1538 3494 uominelevi·

147 3539 299 3610 Thebaica
306 3541 517 3619 Labyrinthus.
539 3540 731 3600 cestreton.
743 3557 818 3598 xvu.
865 3547 910 3596 ter
924 3537 1082 3614 depravato
1095 3534 1215 3592 Ammon
1227 3533 1274 3592 vel
1284 3533 1438 3590 Hammon.
1461 3532 1538 3592 Vide

148 3643 170 3697 1.
184 3661 213 3719 p.
224 3643 292 3701 458.
307 3641 340 3699 Τ.
360 3639 539 3699 Willrinaon.
553 3639 607 3698 ubi
622 3658 719 3717 supra.
733 3657 753 3697 1.
767 3658 816 3716 pp.
864 3663 943 3721 supr.
959 3657 1125 3700 cccxxvm.
1138 3649 1199 3698 not.
1210 3658 1237 3715 y.
1278 3639 1389 3697 Utrum
1403 3639 1458 3698 hoe
1471 3660 1538 3717 por-

145 3743 190 3798 48.
211 3743 344 3805 59.109.
384 3739 489 3815 Neque
508 3738 558 3797 hic
579 3739 816 3815 pretermiserim
863 3751 980 3801 tentum
1007 3740 1106 3798 sensui
1139 3736 1363 3815 hierograpbioo
1389 3749 1539 3798 consenta-

144 3842 319 3900 mentionem
337 3839 455 3899 theoria
469 3839 636 3899 Jablouakii
655 3840 704 3898 eui
723 3840 817 3898 inesse
862 3861 952 3900 neum
973 3838 1065 3898 fuerit
1084 3836 1179 3916 (quod
1202 3847 1290 3913 negat
1309 3835 1538 3911 Wilkinsonus)‚

145 3941 214 4018 quid
234 3938 500 3999 verisimilitudinis
518 3939 637 3998 videtur
657 3957 696 3998 ex
716 3938 815 3999 Solea
864 3961 962 4010 necue,
977 3957 1082 4018 parum
1100 3957 1163 3998 rem
1178 3937 1283 4014 tangit,
1305 3955 1398 4014 quum
1417 3939 1487 3996 satis
1500 3939 1540 3996 eit

144 4039 244 4118 Coptis
257 4038 337 4097 dieto
346 4039 451 4104 Amen,
462 4037 622 4108 AmcoRe,
644 4037 706 4096 scii.
720 4039 812 4097 Mem·
863 4062 946 4102 nosse
959 4039 1038 4118 quod
1047 4037 1215 4097 invaluerat
1229 4037 1446 4113 superstitioin
1460 4057 1538 4098 men-

143 4157 246 4197 nonem
266 4137 357 4194 fuisse
376 4147 481 4216 typum
496 4137 656 4196 exorientis
669 4136 746 4204 solis,
761 4155 812 4194 no·
863 4143 945 4200 tibus
959 4141 1092 4218 gentium
1101 4136 1268 4195 victricium
1282 4136 1380 4196 infixa·

143 4257 266 4317 meaque
294 4239 357 4313 ejus
383 4237 576 4314 depravatum
603 4245 633 4294 ot
659 4245 812 4312 poetarum

799 4335 887 4400 tre
