3994 5242
436 499 475 562 18
862 495 1217 564 INSORIPTIONES
1239 495 1434 564 GRAEOAE.
1568 497 1687 584 [rusou.
1699 518 1821 562 ocuxvn

433 709 567 759 rorum.
620 683 754 758 Deficit
770 709 852 782 pars
865 685 995 761 Graeca
1016 685 1055 758 in
1077 683 1148 758 fine
1172 684 1237 757 ubi
1259 685 1548 758 constituebatur
1563 685 1678 758 mults
1691 686 1726 758 'si
1742 685 1822 781 quis

434 806 623 879 violaverit
649 805 747 904 leges
775 804 821 879 de
846 806 1038 903 sepultura.
1091 805 1205 904 Lycio
1234 829 1391 902 quoque,
1409 805 1447 877 ni
1474 803 1589 891 fallor,
1607 831 1688 902 quae
1714 807 1754 879 in
1781 807 1823 879 iis

433 949 515 1022 quse
533 936 720 997 servantur
736 923 881 996 videtur
899 924 1033 1020 optime
1051 949 1134 997 oum
1153 924 1281 1000 Graecu
1298 923 1501 997 convenire.

510 1047 620 1118 Hunc
638 1044 784 1118 titulum
811 1043 990 1142 insignem
1017 1067 1075 1118 me
1098 1043 1208 1118 credo
1225 1044 1382 1142 primum
1400 1044 1562 1117 omnium
1581 1044 1824 1143 descripsisse,

435 1164 499 1237 sed
517 1165 692 1237 maturius
709 1161 843 1236 edendi
859 1161 967 1236 video
984 1174 1201 1259 praereptum
1218 1161 1401 1238 honorem.
1445 1164 1581 1236 Notum
1598 1163 1685 1238 fecit
1698 1165 1825 1242 Grote

434 1284 565 1358 sendus
589 1283 652 1380 qui
675 1283 861 1380 exemplar
888 1305 909 1353 o
932 1280 1256 1354 Raoul-Roohetuo
1274 1285 1489 1380 occeperut‘:
1519 1282 1613 1370 dein,
1637 1283 1724 1357 dum
1748 1285 1825 1358 haec

436 1407 563 1493 scribo
585 1405 764 1502 Sprattius
790 1417 826 1478 et
849 1404 1054 1486 Forbesius,
1079 1403 1118 1474 in
1144 1404 1269 1478 eudem
1295 1404 1419 1478 tabula
1443 1429 1527 1478 cum
1554 1406 1759 1479 memoratis
1789 1407 1826 1478 in

436 1524 645 1622 prefatione
657 1523 800 1599 nostra‘.
828 1527 947 1622 Pergo
960 1547 1125 1600 enarrare
1139 1523 1406 1622 discrepantias,
1419 1524 1457 1598 in
1469 1525 1827 1622 primisGrotefendi,

436 1645 499 1742 qui
517 1647 703 1742 sequentis
720 1644 830 1719 habet
843 1645 1061 1721 Germanico
1078 1667 1178 1718 more
1196 1670 1382 1742 expresso:
1420 1627 1588 1722 dudone
1613 1675 1620 1719 :
1643 1649 1792 1747 prtudso
1817 1678 1824 1720 ε

436 1771 528 1840 meite
554 1793 562 1838 :
585 1764 777 1865 prtuusotsi
801 1793 809 1839 ι
836 1743 1016 1840 duduci:
1051 1764 1209 1840 tedddmd
1235 1794 1243 1838 :
1275 1772 1378 1866 ioppe
1402 1795 1410 1840 ε
1435 1765 1551 1840 lude:
1581 1771 1674 1840 douc
1696 1807 1724 1832 =
1746 1774 1791 1841 sd
1817 1797 1824 1839 :

436 1887 622 1962 reddemd:
644 1886 775 1959 disseio·
794 1913 802 1958 :
820 1887 924 1961 setrid
941 1915 949 1960 ε
969 1887 1099 1960 teddo:
1119 1887 1203 1960 teto
1220 1913 1228 1958 ε
1248 1894 1350 1960 mcitsi
1381 1927 1411 1954 =
1436 1892 1569 1961 mund:
1590 1893 1698 1961 drettd
1716 1915 1724 1958 :
1743 1890 1824 1960 rie:

437 2009 542 2081 ocidit
560 2035 568 2080 :
588 2007 705 2080 occid
724 2035 731 2078 :
751 2013 831 2082 tesd
851 2035 858 2079 ε
868 2007 1039 2105 fc'z'defdi:
1060 2007 1162 2080 sidit.
1227 2007 1319 2081 Hsec
1342 2007 1470 2097 vertit3
1497 2007 1606 2082 dieses
1627 2005 1734 2082 Werk
1755 2007 1828 2083 tier

435 2125 698 2225 bunukstellipte
726 2124 891 2201 Iktaslu's
917 2125 1013 2202 Sotu
1041 2127 1121 2214 sich,
1152 2127 1260 2202 scinu
1276 2125 1394 2214 Fran,
1419 2127 1499 2202 und
1525 2126 1633 2203 coner
1649 2127 1694 2199 K
1693 2129 1825 2203 tndem.

441 2243 598 2322 Welclser
607 2243 931 2345 doudelthicrqcpen
944 2243 1351 2333 lturuubrectendoder
1360 2245 1828 2348 dorotheum-stupetur

436 2393 495 2465 rcy
511 2365 697 2466 straffddip
713 2355 753 2439 od
768 2365 828 2440 des
841 2363 993 2442 Fruere.

514 2487 643 2563 Graeoo
670 2485 781 2560 habet
806 2486 845 2563 in
870 2484 963 2576 fine;
991 2490 1127 2562 ΗΛΗΤ
1147 2490 1311 2560 ΑΥΤΟΝ
1339 2492 1550 2580 trum,
1576 2509 1658 2583 quae
1685 2489 1725 2564 in
1755 2489 1828 2566 suis

436 2613 648 2687 minusculis
672 2625 755 2686 sunt
772 2615 878 2704 ηλιτε
898 2637 1012 2683 αυτον
1031 2617 1272 2702 επιτιμιονψ.
1324 2611 1415 2684 Hoec
1433 2611 1498 2684 vix
1521 2611 1625 2709 cupio
1650 2639 1658 2684 :
1681 2637 1826 2687 sensum

438 2756 527 2805 vero
544 2730 736 2826 quemdum
762 2729 966 2828 generalem
989 2729 1028 2801 in
1049 2753 1115 2802 suo
1133 2751 1296 2800 sermone
1314 2730 1517 2826 exprimere
1534 2741 1684 2805 conatus
1701 2749 1757 2806 est
1773 2736 1829 2806 vir

439 2854 578 2929 doctus.

516 2973 695 3071 Sprcttius
711 2971 821 3044 habet
837 2970 875 3044 in
892 2972 979 3068 Lyo.
998 2995 1031 3042 v.
1044 2973 1076 3043 2.
1095 2969 1170 3042 init.
1182 2967 1318 3044 otuu:
1339 2969 1490 3046 cotenu:
1510 2971 1671 3064 teutone,
1688 2997 1736 3046 ex
1754 2975 1830 3068 qui·

439 3098 508 3168 bus
535 3092 681 3168 conficit
710 3092 893 3190 Sharpius‚
911 3089 1115 3192 Ipttdsuld:
1143 3091 1302 3184 rectene,
1320 3091 1393 3164 scii.
1409 3089 1515 3189 filius
1528 3090 1682 3178 Ilctusloe,
1700 3094 1830 3166 omisso

439 3218 622 3293 mentione
649 3218 783 3314 pctuiae,
804 3216 904 3312 quod
925 3217 1072 3290 minime
1089 3215 1257 3314 congruit
1274 3204 1726 3314 Graeoo‚’Avrtqte)t>drnr·
1757 3218 1831 3292 Hic

441 3363 586 3436 quoque
617 3338 750 3411 titubat
768 3335 978 3413 Grotefend.
1030 3333 1188 3409 Accedit
1215 3334 1315 3432 quod
1341 3334 1378 3406 in
1400 3333 1471 3408 fine
1488 3360 1523 3407 v,
1541 3339 1571 3408 1.
1589 3347 1627 3407 et
1650 3336 1726 3408 init.
1745 3359 1781 3410 v.
1797 3339 1829 3410 2.

441 3458 721 3559 deprehendisse
749 3484 806 3532 me
833 3459 1000 3556 opinatus
1031 3482 1110 3531 sum
1138 3457 1290 3556 vestigia
1316 3455 1480 3554 quaedcm
1503 3457 1658 3531 nominis
1675 3457 1703 3530 I
1701 3457 1831 3532 uastas

442 3581 542 3678 quod
559 3581 596 3653 in
614 3580 729 3676 cupite
749 3579 869 3654 Graeci
886 3589 1042 3675 apparet.
1094 3576 1237 3650 Deinde
1255 3577 1401 3672 subjicit
1420 3575 1543 3674 Shurp.
1563 3575 1609 3649 od
1626 3575 1734 3651 finem
1751 3603 1784 3652 v,
1796 3581 1829 3652 2.

443 3707 555 3806 Lycia
569 3704 637 3788 dile
649 3733 656 3776 :
670 3709 784 3796 editoe,
801 3703 912 3799 idque
934 3715 1082 3801 propter
1100 3701 1269 3777 Graecum
1295 3695 1422 3802 ἑαυτῷ.
1471 3701 1650 3776 Nimirum
1669 3703 1832 3777 confusio

443 3841 522 3902 orto
539 3840 594 3900 est
611 3852 659 3898 ex
677 3825 911 3900 similitudine
929 3826 1140 3916 litterarum,
1154 3823 1251 3896 unde
1269 3848 1335 3921 pro
1353 3823 1419 3898 dele
1435 3825 1609 3920 scriptum
1625 3822 1834 3900 fuerutlddc
1891 3894 1898 3908 ,

444 3949 568 4022 oriris
586 3946 745 4020 eruditis.
785 3949 829 4020 In
846 3946 906 4020 fin.
924 3972 956 4020 v.
972 3950 1005 4020 3.
1023 3945 1172 4018 resolvit
1189 3945 1234 4017 ad
1252 3943 1351 4019 hunc
1368 3945 1516 4018 modum
1535 3945 1666 4042 Spratt.
1679 3949 1832 4021 sedetet-

485 4179 590 4238 eVide
615 4180 771 4258 Zez'tscdrifl
787 4183 848 4259 fiir
874 4183 918 4240 due
943 4183 1045 4243 Kuudc
1069 4185 1116 4245 des
1205 4183 1316 4244 fdonf.
1333 4187 1403 4244 ch.
1419 4189 1525 4263 pulo.
1539 4188 1614 4246 obss.
1628 4207 1675 4266 pp.
1687 4191 1833 4250 232-238.

444 4279 663 4357 Morpcrduudes.
703 4281 769 4338 Vol.
779 4298 818 4339 rv.
833 4301 880 4359 pp.
891 4285 990 4347 298.ε1
1160 4285 1192 4344 in
1204 4287 1461 4364 TravslsinLycio,
1476 4288 1572 4346 voLn.
