4028 5258
456 499 518 565 340
869 503 918 568 IN
922 501 1224 572 SCRIPTIONES
1247 505 1439 574 GRAEOAE.
1621 511 1744 593 [rusori.
1758 531 1853 576 coxv.

456 715 477 762 a
495 693 593 764 Letr.
611 693 671 766 dea
693 692 833 790 clturpea
856 691 1023 793 impoae‘ee
1040 719 1113 768 auu
1127 719 1210 794 perta
1226 695 1277 768 du
1286 719 1408 794 pays:
1433 697 1513 769 aY.
1530 693 1619 770 locu
1633 696 1789 784 anniam,
1809 697 1855 772 ab

456 814 528 884 Ho.
547 811 845 888 district-soniare.

532 935 642 1007 VIII.
670 933 868 1007 Periodum
894 935 1117 1031 superiorem
1143 934 1333 1032 excipiunt
1354 933 1519 1032 quaedam
1536 935 1582 1008 de
1603 935 1855 1034 Strategorum

457 1051 574 1126 officio
602 1067 639 1126 et
665 1054 867 1128 actionibus
897 1066 1023 1128 contra
1049 1079 1112 1128 eos
1141 1055 1289 1128 intentis
1317 1079 1438 1130 coram
1467 1056 1646 1131 Praefecto
1670 1082 1692 1130 a
1712 1057 1855 1132 Scribis

456 1184 635 1256 rationum
657 1179 949 1284 (ἐκλογισταῖς).
1005 1185 1140 1262 Statuit
1156 1186 1195 1260 in
1213 1188 1338 1284 primis
1356 1189 1495 1262 Praeses
1513 1188 1705 1263 duraturas
1732 1205 1857 1266 strate-

456 1310 532 1406 gias
550 1333 615 1405 per
633 1309 825 1382 triennium
845 1324 928 1407 post
944 1311 1101 1384 rationes
1118 1311 1302 1407 expositas
1318 1301 1431 1409 (μετὰ
1451 1303 1725 1412 διαλογισμὸν)
1746 1315 1794 1387 ab
1811 1315 1854 1388 iis

457 1429 520 1524 qui
550 1429 797 1526 magistratum
828 1441 934 1502 antea
960 1441 1155 1526 gesserant.
1225 1429 1322 1502 Dein
1355 1432 1528 1504 transitur
1557 1430 1604 1504 ad
1637 1433 1801 1506 actiones
1834 1459 1855 1507 a

457 1550 584 1624 scribis
604 1549 682 1646 (vel
708 1549 932 1646 publicanis)
959 1549 1087 1642 illatae,
1105 1549 1221 1622 vetita
1237 1550 1427 1624 iteratione
1445 1551 1566 1647 aliqua
1588 1576 1713 1625 earum
1731 1577 1853 1626 coram

451 1669 576 1764 judice
593 1682 676 1766 post
693 1668 860 1742 Praefecti
878 1668 1196 1766 dijudicationem:
1226 1671 1256 1743 si
1283 1695 1392 1768 quem
1420 1695 1508 1745 vero
1534 1672 1686 1746 eandem
1717 1674 1776 1747 bis
1802 1699 1853 1747 re-

454 1788 548 1861 ferre
567 1803 604 1862 et
619 1788 665 1862 de
683 1815 791 1862 causa
807 1787 946 1878 cadere,
971 1815 1076 1886 poena
1100 1792 1138 1862 in
1158 1791 1405 1864 intendentem
1434 1793 1604 1866 statuitur
1621 1793 1685 1888 qui
1702 1792 1773 1868 hac
1791 1819 1855 1868 sua

455 1909 658 2005 pervicacia
684 1908 776 1982 nihil
803 1909 901 1982 aliud
926 1909 1045 1982 effecit
1067 1935 1174 2006 quam
1202 1911 1519 2008 locupletationem
1547 1911 1604 1984 sui
1629 1925 1668 1985 et
1689 1927 1853 1987 actorum

455 2040 652 2114 sorensium
672 2034 987 2135 (πραγματικῶν).
1039 2036 1221 2109 Nimirum
1240 2035 1325 2110 hinc
1342 2033 1544 2132 profectum
1562 2049 1604 2108 ut
1621 2036 1772 2132 plurimi
1791 2061 1854 2109 sua

456 2161 551 2232 bona
573 2157 773 2256 abjecerint
799 2157 920 2252 potius
943 2179 1051 2249 quam
1076 2169 1241 2252 sumptus
1262 2153 1445 2228 actionum
1461 2153 1670 2227 iteratarum
1690 2155 1852 2228 tolerare.

457 2282 644 2353 Hactenus
674 2277 772 2352 dicta
801 2277 847 2350 da
875 2277 1078 2351 actionibus
1104 2288 1231 2352 contra
1255 2277 1509 2375 Magistratus3
1536 2301 1618 2373 quae
1644 2300 1778 2374 nempe
1807 2277 1853 2350 ad

456 2406 633 2478 rationem
660 2403 843 2500 publicam
874 2389 1079 2498 (δημόσιον
1097 2390 1237 2500 λόγον)
1270 2403 1511 2498 pertinebant.
1572 2401 1719 2476 Deinde
1751 2404 1853 2476 attin·

456 2530 554 2627 gitur
572 2529 712 2626 privata
731 2519 842 2622 (ἴδιος
862 2514 1008 2622 λόγος).
1064 2525 1104 2600 si
1129 2526 1166 2599 in
1193 2525 1257 2599 tali
1277 2525 1373 2600 faeta
1389 2525 1500 2600 suerit
1516 2525 1732 2622 dijudicatio
1750 2527 1795 2600 de
1814 2553 1850 2599 re

458 2650 588 2746 aliqua,
611 2647 780 2720 statuitur
807 2671 880 2718 non
908 2667 986 2718 esse
1013 2643 1154 2716 licitum
1181 2645 1358 2716 actionem
1383 2643 1514 2718 iterum
1543 2645 1754 2720 intendere:
1785 2647 1851 2718 nisi

457 2770 527 2842 hoc
545 2767 616 2852 fiat,
635 2768 764 2840 urbem
782 2765 961 2838 desertam
975 2763 1052 2837 fore
1070 2775 1107 2836 et
1123 2762 1276 2836 familias
1293 2765 1376 2862 plus
1394 2789 1499 2861 aequo
1517 2778 1674 2839 vexatas.
1715 2767 1853 2842 Contra

457 2891 522 2964 has
539 2888 698 2962 actiones
716 2885 868 2959 ulterius
886 2885 1071 2982 provisum
1093 2895 1149 2958 est
1172 2909 1237 2981 per
1254 2885 1415 2958 multam.
1468 2886 1688 2959 Decernitur
1706 2886 1806 2982 quod
1824 2889 1851 2958 si

458 3015 540 3111 quie
568 3012 686 3084 scriba
711 3009 860 3082 rationis
880 3007 1031 3104 privatae
1054 3006 1207 3078 alterum
1237 3005 1466 3078 incusaturus
1494 3005 1656 3103 prodeat,
1682 3006 1851 3104 idemque

459 3133 559 3207 tertii
576 3131 764 3228 cujusdam
783 3128 990 3214 advocatus,
1008 3127 1190 3224 oportebit
1206 3140 1244 3200 et
1260 3125 1358 3200 hunc
1380 3128 1445 3224 qui
1470 3128 1570 3201 litem
1598 3141 1722 3202 movet
1745 3131 1851 3204 statui

459 3277 580 3328 coram
604 3251 728 3348 judice
754 3275 800 3322 ne
828 3248 1045 3322 discriminis
1075 3249 1152 3344 ipse
1172 3247 1319 3320 omnino
1342 3273 1473 3346 expers
1503 3250 1556 3322 sit.
1610 3250 1849 3344 Quinetiam,

461 3373 561 3472 quod
579 3373 609 3446 si
627 3371 708 3470 quis
731 3371 875 3468 privato
891 3370 1004 3467 ipsius
1022 3370 1167 3442 nomine
1189 3381 1262 3442 tres
1288 3394 1413 3443 causas
1441 3369 1610 3469 proferat,
1628 3393 1783 3465 quarum
1809 3397 1852 3445 ne

459 3521 568 3570 unam
597 3492 745 3589 quidem
776 3491 957 3588 expediat,
981 3489 1014 3563 ei
1044 3489 1295 3562 interdicenda
1317 3501 1373 3562 est
1399 3491 1546 3563 omnino
1572 3492 1755 3564 accusatio
1772 3517 1851 3566 cum

455 3621 598 3716 jactura
627 3615 805 3686 bonorum
836 3611 914 3707 ejus
942 3608 1109 3682 semissis.
1174 3607 1244 3681 His
1272 3609 1324 3682 ita
1349 3609 1555 3682 constitutis
1578 3609 1624 3682 de
1652 3610 1853 3684 actionibus

459 3751 532 3812 tam
563 3736 601 3807 in
628 3732 784 3830 publica,
812 3753 919 3826 quam
950 3727 1101 3825 privata,
1127 3726 1278 3812 ratione,
1307 3725 1484 3824 spondere
1512 3729 1631 3826 pergit
1656 3729 1854 3805 Praefectus

460 3883 497 3931 se
523 3853 642 3952 capita
674 3852 784 3948 hujus
812 3850 1005 3948 diligenter
1033 3845 1256 3920 recensenda
1284 3847 1620 3922 commendaturum
1652 3850 1854 3948 Inspectori

460 3965 680 4074 (Paduam),
706 3999 801 4048 nova
826 3999 868 4048 ea
896 3997 978 4068 quae
1005 3984 1132 4046 contra
1160 3971 1311 4068 gratiam
1342 3971 1609 4070 imperatoriam
1639 3973 1677 4046 in
1712 3977 1853 4050 tabulas

458 4101 594 4176 fuerint
611 4098 710 4170 illata
726 4107 962 4169 conrecturo:
991 4095 1139 4189 insuper
1156 4091 1334 4188 supplicio
1353 4115 1390 4166 se
1408 4117 1470 4166 eos
1487 4093 1698 4167 affeeturum
1714 4097 1779 4191 qui
1797 4097 1853 4170 de·

459 4219 603 4293 lationis
620 4241 743 4315 poenas
761 4216 938 4290 subierint
957 4214 1033 4314 (vv.
1054 4212 1225 4309 34-46.).

536 4343 579 4414 In
595 4366 628 4414 v.
644 4341 701 4413 35.
722 4364 755 4436 p.
770 4337 847 4412 init.
872 4335 922 4410 H.
942 4341 1287 4412 otsrorttuou.
1333 4337 1437 4410 Vert.
1457 4335 1607 4411 revision
1621 4338 1670 4432 of
1679 4351 1851 4414 accounts.
