3994 5242
471 517 490 581 8
1037 517 1295 585 PRAEFATIO.

469 703 604 802 Hydi0,
629 703 855 791 Cailliaudio,
874 704 1116 794 Wilkinsono,
1139 731 1293 817 quorum
1320 707 1581 805 supellectilem
1599 733 1700 782 suam
1717 707 1807 782 fecit
1826 711 1870 782 in
1986 735 1987 758 ἢ

470 869 579 942 opere
597 844 843 918 laudatissimo
860 869 932 917 non
956 845 1079 919 multis
1097 845 1229 919 abhinc
1247 846 1349 918 annis
1367 847 1611 932 Letronnius‘‚
1629 869 1739 942 opera
1754 845 1870 944 insig·
1986 891 1987 920 i

470 985 566 1058 niter
590 997 719 1058 navata
745 997 824 1058 tum
848 986 885 1056 in
906 1009 945 1058 re
968 985 1094 1058 critica
1118 999 1196 1058 tum
1215 987 1411 1084 exegetica,
1434 984 1644 1058 ulteriorem
1661 987 1765 1082 cujus
1782 1011 1870 1083 pro

470 1147 633 1220 gressum
649 1124 747 1198 selici
764 1125 916 1223 augurio
933 1139 1202 1222 prosequuntur
1215 1124 1323 1198 docti.
1366 1127 1423 1198 De
1437 1127 1566 1198 ceteris
1579 1127 1648 1199 viri
1659 1127 1871 1223 praestantis

471 1263 707 1350 adminiculis
725 1285 807 1360 quae
824 1264 1011 1337 hincinde
1030 1265 1068 1337 in
1085 1265 1316 1338 monimentis
1339 1264 1564 1338 eruditorum
1591 1265 1739 1363 sparsim
1766 1291 1870 1340 com·
1986 1329 1987 1336 ,

470 1420 605 1504 parent,
623 1431 697 1480 non
723 1419 778 1479 est
804 1406 914 1503 hujus
938 1406 1011 1479 loci
1041 1406 1237 1481 disserere:
1267 1409 1352 1480 satis
1378 1407 1490 1480 habui
1519 1405 1670 1504 posthac
1692 1429 1765 1502 qua
1789 1405 1869 1477 fide
1986 1385 1987 1478 ἶ

470 1569 613 1642 quaque
634 1545 945 1619 commendatione
965 1543 1077 1618 debui
1099 1545 1314 1618 meminisse.
1366 1547 1409 1616 In
1431 1544 1647 1640 quibusdam
1665 1569 1754 1617 vero
1771 1544 1870 1619 desi·
1986 1579 1987 1610 i

471 1685 630 1758 deranda
646 1684 747 1757 venit
768 1683 867 1779 quod
890 1707 996 1755 nemo
1019 1683 1089 1756 nisi
1106 1707 1256 1782 peregre
1274 1683 1457 1781 profectus
1475 1697 1512 1758 et
1528 1685 1758 1758 monimentis
1774 1685 1870 1784 ipsis
1986 1761 1987 1806 ,

470 1822 656 1918 perpensis
690 1821 830 1894 efficere
861 1833 979 1916 queat,
1003 1820 1165 1894 veritatis
1196 1821 1344 1918 species,
1372 1847 1480 1920 quam
1511 1847 1757 1920 saepenumero
1786 1849 1870 1898 cor·

470 1961 607 2057 rumpit
622 1961 729 2033 etiam
747 1961 842 2034 inter
859 1960 1112 2034 delectandum
1129 1961 1315 2059 ingeniosa
1331 1962 1560 2058 conjectandi
1578 1963 1731 2037 solertia.

545 2101 646 2174 Inter
679 2101 900 2174 monimenta
929 2102 1147 2199 AEgyptiaca
1179 2127 1254 2174 non
1287 2100 1403 2174 ullum
1434 2101 1525 2176 adeo
1542 2079 1617 2176 'me
1653 2103 1868 2178 sollicitavit
1986 2137 1987 2170 1

470 2255 644 2338 quantum
668 2244 897 2318 decantatum
918 2245 1019 2328 illud,
1038 2246 1207 2321 columna
1223 2247 1484 2332 Alexandrina,
1504 2272 1610 2344 quam
1638 2273 1759 2322 errore
1784 2273 1868 2346 per-
1986 2291 1987 2308 κ

469 2384 617 2482 vulgato
639 2385 892 2486 Pompeianam
917 2400 1058 2476 vocant,
1085 2389 1350 2486 perhibentque
1382 2404 1562 2486 tamquam
1594 2391 1702 2462 situm
1730 2391 1867 2464 tumuli
1986 2477 1987 2484 ἵ

469 2525 602 2598 Herois
620 2525 876 2625 designantem.
928 2530 1108 2603 Nimirum
1134 2542 1218 2604 sunt
1238 2529 1329 2604 adeo
1347 2531 1500 2604 evanida
1517 2555 1599 2625 quae
1616 2541 1752 2604 restant
1769 2531 1867 2604 litte·

468 2693 589 2742 rarum
607 2671 641 2742 ei
666 2671 924 2769 insculptarum
952 2675 1150 2760 simulacra,
1168 2690 1210 2750 ut
1226 2677 1341 2750 cuivis
1360 2677 1418 2750 vel
1435 2677 1584 2776 Lynceo
1601 2678 1683 2751 visu
1707 2675 1866 2774 praedito
1986 2683 1987 2686 ’

467 2810 571 2884 facile
590 2835 760 2908 apparere
780 2813 918 2909 possint
928 2813 1081 2912 vestigia
1097 2814 1252 2886 nominis
1269 2813 1431 2886 inlustris
1448 2813 1486 2886 in
1503 2813 1724 2910 praenomine
1750 2825 1866 2886 strue·
1986 2881 1987 2894 ,

467 2951 565 3021 toris.
606 2948 751 3023 Exinde
769 2951 888 3024 conati
912 2963 997 3024 sunt
1020 2951 1177 3046 quidam,
1195 2952 1361 3048 interque
1379 2975 1441 3024 eos
1458 2949 1587 3025 doctus
1605 2951 1865 3048 Francogallus

470 3088 748 3180 Quatremerius,
767 3089 959 3162 conciliare
981 3089 1175 3163 lectionem
1199 3090 1304 3163 istam
1322 3089 1466 3164 veritati
1482 3089 1672 3177 historicae,
1691 3089 1737 3163 de
1755 3091 1864 3162 Pom·

468 3227 549 3324 peio
578 3226 736 3322 quodam
772 3228 971 3326 cogitantes
1006 3232 1079 3326 qui,
1111 3232 1310 3328 imperante
1340 3229 1579 3316 Diocletiano,
1609 3229 1864 3328 praefecturam

470 3368 623 3466 AEgypti
651 3368 771 3466 gessit.
840 3369 999 3457 Ceteras,
1035 3397 1123 3469 quas
1157 3373 1342 3446 iniverunt
1368 3371 1476 3459 docti,
1503 3371 1784 3467 conjectationes
1815 3371 1863 3444 de

469 3508 674 3582 nominibus
691 3509 964 3606 imperatorum,
985 3509 1215 3608 Vespasiano
1228 3509 1430 3602 Hadriana,
1444 3507 1577 3602 Seuera,
1590 3506 1862 3592 Praefectorum,
1986 3609 1987 3620 ἵ

473 3645 671 3733 Posthumu
685 3645 855 3735 Pollione,
869 3645 984 3721 fusius
1001 3649 1038 3722 in
1053 3651 1153 3746 justo
1170 3651 1252 3723 loco
1269 3647 1456 3737 enarravi,
1481 3652 1543 3724 ubi
1561 3661 1598 3723 et
1615 3647 1797 3724 Leakiana
1815 3649 1861 3723 de
1986 3651 1987 3654 ’

468 3786 537 3858 hoc
556 3786 663 3858 titulo
680 3787 834 3883 exposui
851 3788 1056 3876 tentamina,
1080 3813 1124 3862 eo
1147 3791 1344 3886 praesertim
1367 3789 1439 3862 fine
1455 3801 1498 3861 ut
1517 3789 1650 3861 laboris
1668 3791 1862 3863 aerumnosi
1986 3809 1987 3826 ¹

469 3925 607 4020 species
626 3926 852 4021 aliquatenus
870 3927 1039 4002 studiosis
1056 3931 1258 4005 innotescat
1271 3955 1344 4026 quo
1362 3955 1448 4004 usus
1466 3930 1513 4004 ad
1526 3928 1670 4028 legendi
1683 3930 1859 4004 rationem
1986 3969 1987 4030 i

508 4175 520 4203 ²
541 4169 609 4227 Scil.
624 4169 655 4225 in
671 4169 748 4226 libro
768 4168 817 4225 cui
838 4167 946 4226 titulus
960 4177 1011 4234 eat,
1028 4167 1137 4225 amaea
1184 4149 1321 4243 l’Idpypte,
1344 4168 1435 4234 Paris,
1454 4168 1538 4234 1842,
1558 4174 1628 4222 tom.
1642 4182 1662 4221 1.

466 4270 513 4326 dar
544 4268 724 4343 [sumptious
753 4267 887 4344 &eaquae
918 4276 942 4325 a
968 4267 1082 4324 Latina
1106 4267 1140 4325 de
1230 4265 1341 4326 ‘Vide
1354 4279 1486 4324 nocam.
1500 4283 1613 4341 argum.
1627 4273 1658 4322 et
1671 4273 1731 4322 not.
