4028 5258
472 529 534 600 ara
875 523 1232 602 russurrrrouns
1255 535 1450 604 ennon.
1638 537 1758 626 [msa.

440 751 441 754 ’
472 753 588 824 usque
600 726 772 802 videntur
790 739 968 824 spectasse
986 726 1031 800 ad
1044 728 1271 802 exactionem
1283 729 1525 827 vectigalium.
1563 729 1607 803 In
1621 723 1775 828 primise'

478 846 623 926 oiuoav
648 864 796 926 revocat
827 875 980 928 ccccxv.
1008 855 1067 927 40.
1085 855 1146 925 41.
1167 855 1239 940 52„
1266 852 1342 926 scil.
1361 854 1486 927 turbas
1503 855 1696 952 populares
1714 869 1787 929 orta

474 971 577 1045 malis
603 972 741 1046 artibus
766 973 1044 1070 percipientium
1068 975 1213 1060 tributa,
1232 987 1298 1047 etc.
1360 976 1405 1048 In
1424 977 1454 1047 7.
1473 973 1570 1073 Ηγοί.
1597 981 1798 1051 ΔΟΝΑΙΙΝ

473 1097 677 1165 ΔΙΑ..Ι”ΙΕ
729 1093 802 1166 Res
818 1091 1013 1166 rationario
1039 1093 1101 1167 hic
1121 1093 1294 1180 innuit-ur,
1312 1093 1372 1168 cui
1398 1093 1558 1169 cohaeret
1582 1095 1719 1168 mentio
1763 1095 1770 1110 ‘

466 1215 622 1314 privatur
646 1215 792 1290 rationis
818 1206 932 1312 (Ξδίοο
951 1205 1090 1314 λόγου)
1115 1215 1220 1304 lacta,
1247 1219 1359 1292 immo
1389 1219 1574 1292 rationarii
1600 1219 1715 1314 ipsius
1744 1213 1787 1315 (λ

474 1331 649 1441 στηρίοο)
669 1341 707 1413 in
727 1343 757 1415 9.
811 1341 915 1416 Conf.
930 1365 1089 1418 ccccxv.
1105 1345 1165 1417 36.
1185 1345 1241 1418 38.
1296 1346 1340 1417 In
1359 1345 1393 1417 9.
1413 1341 1513 1442 de.
1534 1349 1776 1420 ΗΜΑΔΟΓΟ

476 1467 594 1535 1le.
655 1463 1144 1539 Ιη10.Τ..ΝΔΙωΙΛο.
1205 1465 1679 1540 1n11.subf.ueotc
1739 1467 1782 1538 In

472 1592 708 1662 ΟΑΡΕΕΕΕΡ.
745 1588 790 1660 In
807 1587 873 1660 ult.
894 1595 1127 1663 ω.ΑΧ.ΤΑ.
1169 1589 1408 1688 Conjeceram
1434 1589 1495 1672 hic
1511 1591 1549 1662 in
1566 1591 1693 1687 primis
1710 1579 1807 1688 ἀχθ’

477 1709 542 1802 (cf.
562 1731 722 1784 ccccxv.
743 1710 823 1806 50.)
851 1709 1051 1783 secundum
1072 1711 1307 1811 Hydianum:
1344 1713 1409 1787 sed
1434 1712 1677 1797 intervallum,
1705 1735 1776 1808 qua

477 1834 693 1929 rnini,vetat.
724 1834 954 1911 Conserenda
964 1835 1135 1910 videntur
1148 1835 1235 1911 huic
1247 1838 1329 1910 loco
1339 1837 1497 1936 proximi
1508 1861 1566 1908 vv.
1576 1839 1673 1910 tas.
1689 1831 1804 1934 θοῤῥο

472 1987 561 2037 rar·
572 1999 608 2014 ··
623 1957 889 2050 κατοικεῖσθαι,
910 1953 970 2032 καὶ
988 1949 1188 2057 προθύμως
1207 1960 1385 2058 γεωργεῖν
1404 1945 1491 2038 roric
1510 1952 1741 2058 ἀνθρώπους.

1058 2221 1221 2298 CDXV.
1248 2219 1282 2293 d.

546 2381 737 2479 Descripta
751 2381 796 2454 de
812 2377 940 2454 eodem
958 2379 1143 2478 propylaeo
1156 2403 1240 2452 cum
1257 2379 1464 2476 praegressis
1478 2377 1611 2454 aedium
1625 2379 1775 2478 grundio

473 2505 542 2578 deo
559 2505 705 2578 tutelari
719 2504 845 2576 Amaia
862 2501 1095 2594 sacratorum,
1111 2525 1224 2598 prope
1238 2497 1291 2574 Et
1304 2499 1502 2600 Kkordjelu
1520 2501 1624 2596 cujus
1642 2497 1808 2597 parastad

472 2627 812 2726 septentrionalem'
824 2639 936 2698 totam
946 2622 1022 2697 fere
1033 2623 1256 2722 cooperiunt.
1284 2621 1433 2720 Duplex
1443 2622 1584 2694 occasio
1595 2621 1632 2692 in
1644 2619 1714 2693 hac
1724 2620 1799 2694 insc
1817 2617 1829 2635 “

471 2747 569 2819 tione
598 2757 838 2818 memoratur:
875 2743 991 2840 prima
1018 2754 1073 2815 est
1102 2741 1304 2815 litterarum
1332 2741 1378 2818 ad
1405 2741 1633 2814 Demetrium
1663 2741 1779 2815 Strata

472 2866 577 2942 Oasis
612 2864 807 2938 Thebaicae
841 2886 908 2960 per
937 2859 1192 2934 Alexandrum
1231 2857 1445 2934 Praefectum
1475 2857 1628 2955 AEgypti
1657 2858 1809 2930 missura

472 2986 640 3073 secunda,
666 2984 919 3082 contrascripti
946 2981 1074 3058 harum
1102 2981 1199 3080 apud
1218 2982 1396 3058 Oasenos¹
1414 2978 1633 3054 declarandi.
1688 2980 1826 3076 Tempu

510 3219 525 3242 '‘
540 3209 605 3268 Hoc
618 3218 752 3267 accurate
772 3215 916 3266 statuerat
936 3205 1075 3264 Hoslrins.
1089 3203 1144 3261 nbi
1190 3201 1453 3279 poyr.1’lr.p.360.

471 3328 569 3386 snpra,
591 3327 618 3384 p.
633 3311 680 3372 94.
722 3307 848 3365 Dixerat
862 3306 1051 3364 Edmonston.
1071 3303 1144 3360 arua
1235 3307 1248 3332 ²
1262 3298 1453 3358 Manifestum
1476 3299 1534 3357 erit
1556 3297 1724 3374 legentibus
1740 3296 1816 3374 quod
1836 3295 1843 3310 '

468 3405 603 3476 ονίοηίαὶο,
615 3405 694 3481 quod
707 3404 849 3480 oportuit,
861 3400 1144 3478 latuaaepteutriomle
1195 3397 1250 3456 hoe
1264 3397 1354 3456 titulo
1367 3406 1398 3456 et
1410 3416 1569 3474 praegresso
1586 3397 1623 3455 de
1640 3397 1783 3474 regimine
1794 3415 1830 3474 po

462 3506 569 3582 frontis
581 3503 731 3562 orientalia
772 3502 829 3561 Sed
842 3501 904 3560 hac
917 3500 1042 3560 levicula
1062 3511 1141 3558 sunt.
1195 3499 1254 3556 tico
1275 3497 1456 3576 praefectura
1479 3497 1654 3554 communiter
1671 3481 1792 3572 agitur:
1817 3511 1852 3552 ex

471 3607 571 3666 Satius
591 3613 636 3664 est
656 3605 810 3664 observare
830 3601 909 3680 quod
929 3611 998 3660 ante
1017 3601 1144 3660 frontem
1192 3595 1261 3654 inde
1286 3595 1467 3673 probabilem
1503 3595 1703 3670 conjecturam
1733 3595 1791 3652 init

471 3705 642 3765 orientalem
656 3704 764 3782 templi·
781 3713 900 3761 exstant
920 3701 1028 3759 rudera
1050 3701 1144 3757 trium
1194 3703 1292 3752 tronn.
1313 3712 1430 3751 manere
1445 3691 1542 3750 adhuc
1560 3692 1775 3769 contrascripta
1793 3689 1865 3770 pari·

472 3803 687 3882 propylaorum
714 3801 839 3858 invicem
862 3798 1033 3876 disparium,
1055 3806 1086 3854 at
1109 3797 1146 3855 de
1193 3793 1281 3852 etinis
1304 3791 1482 3868 templorum
1508 3791 1623 3858 obruta,
1652 3807 1719 3864 quae
1749 3789 1864 3847 sortasse

471 3904 567 3982 primo
580 3901 743 3960 mamitus
756 3899 805 3958 hic
818 3900 874 3976 agi,
888 3907 925 3956 ut
938 3909 968 3957 et
981 3899 1012 3956 in
1031 3917 1144 3975 argum.
1194 3891 1351 3968 aliquando
1377 3891 1409 3948 in
1430 3891 1527 3948 lucem
1549 3889 1702 3967 prolatura
1723 3901 1769 3948 ast
1789 3887 1864 3948 iude·

473 4023 553 4080 supr.
567 4017 665 4059 cnxrv.
1193 3991 1268 4049 fessa
1281 3987 1459 4067 explorando
1472 3987 1726 4066 peregrinantium
1747 3987 1863 4064 diligen·

513 4103 557 4160 De
570 4101 625 4160 hoc
638 4099 747 4176 templo
760 4098 895 4174 religioni
909 4095 1142 4161 Amrlasacrato,
1193 4091 1243 4148 tia
1252 4087 1393 4148 Utinaml
1431 4087 1514 4148 Conf.
1528 4085 1863 4148 nocinJ.derSav.ubi

473 4219 489 4257 a
510 4218 568 4275 qno
586 4197 668 4256 Oasis
692 4197 755 4274 ipsa
777 4195 856 4253 dicta
877 4205 921 4252 eat
935 4187 1142 4262 Μο-ῑο-Αηούο,
1196 4210 1293 4270 supra.

472 4297 500 4354 h.
515 4315 538 4356 e.
553 4295 627 4371 νορίο
640 4293 790 4364 ammons,
810 4291 886 4350 cont
898 4290 1075 4351 Wilkinsou.
1092 4291 1143 4348 To-
