<?xml version="1.0" encoding="UTF-8"?>
<!DOCTYPE html PUBLIC "-//W3C//DTD XHTML 1.0 Transitional//EN"
    "http://www.w3.org/TR/xhtml1/DTD/xhtml1-transitional.dtd">
<html xmlns="http://www.w3.org/1999/xhtml" xml:lang="en" lang="en">
 <head>
  <title>
</title>
<meta http-equiv="Content-Type" content="text/html;charset=utf-8" />
  <meta name='ocr-system' content='tesseract 3.04.00' />
  <meta name='ocr-capabilities' content='ocr_page ocr_carea ocr_par ocr_line ocrx_word'/>
</head>
<body>
  <div class='ocr_page' id='page_1' title='image "./fasciculusinscr02kenngoog_0133.png"; bbox 0 0 3918 5240; ppageno 0'>
   <div class='ocr_carea' id='block_1_1' title="bbox 486 549 1861 648">
    <p class='ocr_par' dir='ltr' id='par_1_1' title="bbox 486 549 1861 648">
     <span class='ocr_line' id='line_1_1' title="bbox 486 549 1861 648; baseline 0.011 -34"><span class='ocrx_word' id='word_1_1' title='bbox 486 549 548 614; x_wconf 77' lang='lat'>126</span> <span class='ocrx_word' id='word_1_2' title='bbox 892 551 1244 622; x_wconf 75' lang='lat' dir='ltr'>INSCRIPTIONES</span> <span class='ocrx_word' id='word_1_3' title='bbox 1266 555 1458 625; x_wconf 56' lang='lat' dir='ltr'>GRAEOAE„</span> <span class='ocrx_word' id='word_1_4' title='bbox 1582 561 1861 648; x_wconf 76' lang='lat' dir='ltr'>[mssaoooxxrr.</span> 
     </span>
    </p>
   </div>
   <div class='ocr_carea' id='block_1_2' title="bbox 561 745 1703 1491">
    <p class='ocr_par' dir='ltr' id='par_1_2' title="bbox 561 745 1703 1491">
     <span class='ocr_line' id='line_1_2' title="bbox 639 745 1241 820; baseline 0.012 -8"><span class='ocrx_word' id='word_1_5' title='bbox 639 745 720 813; x_wconf 89' lang='grc' dir='ltr'>ΙΜΡ</span> <span class='ocrx_word' id='word_1_6' title='bbox 735 764 745 784; x_wconf 86' lang='grc'><em>·</em></span> <span class='ocrx_word' id='word_1_7' title='bbox 759 745 872 816; x_wconf 77' lang='lat' dir='ltr'>CAES</span> <span class='ocrx_word' id='word_1_8' title='bbox 894 765 903 786; x_wconf 91' lang='lat'><strong>·</strong></span> <span class='ocrx_word' id='word_1_9' title='bbox 923 747 958 815; x_wconf 90' lang='grc' dir='ltr'><strong>Μ</strong></span> <span class='ocrx_word' id='word_1_10' title='bbox 977 745 1241 820; x_wconf 72' lang='lat' dir='ltr'>&#39;AVREUVS&#39;</span> 
     </span>
     <span class='ocr_line' id='line_1_3' title="bbox 636 857 1528 940; baseline 0.012 -15"><span class='ocrx_word' id='word_1_11' title='bbox 636 857 917 928; x_wconf 72' lang='grc' dir='ltr'>ΑΝΤΟΝΙΝνΒ</span> <span class='ocrx_word' id='word_1_12' title='bbox 939 878 949 898; x_wconf 88' lang='grc'><em>·</em></span> <span class='ocrx_word' id='word_1_13' title='bbox 968 859 1071 930; x_wconf 80' lang='lat' dir='ltr'>l&#39;lVS</span> <span class='ocrx_word' id='word_1_14' title='bbox 1090 879 1099 900; x_wconf 93' lang='lat'><strong>·</strong></span> <span class='ocrx_word' id='word_1_15' title='bbox 1117 862 1235 931; x_wconf 67' lang='lat' dir='ltr'>saulx</span> <span class='ocrx_word' id='word_1_16' title='bbox 1251 879 1261 901; x_wconf 92' lang='lat'><strong>·</strong></span> <span class='ocrx_word' id='word_1_17' title='bbox 1276 861 1528 940; x_wconf 78' lang='lat' dir='ltr'>AVGVSWS</span> 
     </span>
     <span class='ocr_line' id='line_1_4' title="bbox 636 969 1618 1052; baseline 0.013 -15"><span class='ocrx_word' id='word_1_18' title='bbox 636 969 758 1038; x_wconf 72' lang='lat' dir='ltr'>PART</span> <span class='ocrx_word' id='word_1_19' title='bbox 773 988 783 1008; x_wconf 92' lang='lat'><strong>·</strong></span> <span class='ocrx_word' id='word_1_20' title='bbox 799 971 896 1039; x_wconf 86' lang='grc' dir='ltr'>ΜΑΧ</span> <span class='ocrx_word' id='word_1_21' title='bbox 913 989 922 1010; x_wconf 90' lang='grc'><em>·</em></span> <span class='ocrx_word' id='word_1_22' title='bbox 939 969 1070 1040; x_wconf 68' lang='grc' dir='ltr'><strong>ΒΒΙΤ·</strong></span> <span class='ocrx_word' id='word_1_23' title='bbox 1088 973 1185 1041; x_wconf 82' lang='grc' dir='ltr'>ΜΑΧ</span> <span class='ocrx_word' id='word_1_24' title='bbox 1202 992 1212 1014; x_wconf 86' lang='grc'><em>·</em></span> <span class='ocrx_word' id='word_1_25' title='bbox 1227 973 1356 1045; x_wconf 70' lang='lat' dir='ltr'>otum</span> <span class='ocrx_word' id='word_1_26' title='bbox 1376 997 1386 1018; x_wconf 91' lang='lat'><strong>·</strong></span> <span class='ocrx_word' id='word_1_27' title='bbox 1405 977 1618 1052; x_wconf 74' lang='lat' dir='ltr'>Maxtmvs</span> 
     </span>
     <span class='ocr_line' id='line_1_5' title="bbox 867 1083 1347 1162; baseline 0.019 -11"><span class='ocrx_word' id='word_1_28' title='bbox 867 1083 1090 1153; x_wconf 74' lang='grc' dir='ltr'>ΡΟΝΤΙΡΕΧ</span> <span class='ocrx_word' id='word_1_29' title='bbox 1107 1104 1117 1124; x_wconf 92' lang='grc'><em>·</em></span> <span class='ocrx_word' id='word_1_30' title='bbox 1133 1087 1347 1162; x_wconf 70' lang='grc' dir='ltr'>ΜΑΧΙΜΥΒ</span> 
     </span>
     <span class='ocr_line' id='line_1_6' title="bbox 561 1189 1264 1270; baseline 0.016 -11"><span class='ocrx_word' id='word_1_31' title='bbox 561 1189 582 1259; x_wconf 87' lang='grc'><em>5</em></span> <span class='ocrx_word' id='word_1_32' title='bbox 636 1193 886 1266; x_wconf 69' lang='grc' dir='ltr'>ΜΟΝΤΙΒΥΕ</span> <span class='ocrx_word' id='word_1_33' title='bbox 905 1214 914 1234; x_wconf 93' lang='grc'><em>·</em></span> <span class='ocrx_word' id='word_1_34' title='bbox 933 1197 1264 1270; x_wconf 68' lang='grc' dir='ltr'>ΙΝΜΙΝΕΝΤΙΒΥΒ</span> 
     </span>
     <span class='ocr_line' id='line_1_7' title="bbox 684 1306 1700 1386; baseline 0 -10"><span class='ocrx_word' id='word_1_35' title='bbox 684 1306 806 1377; x_wconf 68' lang='lat' dir='ltr'>uteo</span> <span class='ocrx_word' id='word_1_36' title='bbox 822 1326 832 1349; x_wconf 84' lang='lat'><strong>·</strong></span> <span class='ocrx_word' id='word_1_37' title='bbox 849 1308 1032 1378; x_wconf 71' lang='grc' dir='ltr'>ῈΙΝΜΙΝΙ</span> <span class='ocrx_word' id='word_1_38' title='bbox 1054 1309 1392 1383; x_wconf 70' lang='grc' dir='ltr'><strong>’ΘΑΕΕΙΘὛΙΑΜ</strong></span> <span class='ocrx_word' id='word_1_39' title='bbox 1410 1330 1420 1350; x_wconf 88' lang='grc'><em>·</em></span> <span class='ocrx_word' id='word_1_40' title='bbox 1438 1309 1700 1386; x_wconf 69' lang='lat' dir='ltr'>vastavit</span> 
     </span>
     <span class='ocr_line' id='line_1_8' title="bbox 685 1419 1703 1491; baseline 0.001 -3"><span class='ocrx_word' id='word_1_41' title='bbox 685 1419 769 1488; x_wconf 70' lang='grc' dir='ltr'>ΡΕΒ</span> <span class='ocrx_word' id='word_1_42' title='bbox 785 1471 1703 1491; x_wconf 92' lang='grc'>.........................</span> 
     </span>
    </p>
   </div>
   <div class='ocr_carea' id='block_1_3' title="bbox 814 1531 1353 1619">
    <p class='ocr_par' dir='ltr' id='par_1_3' title="bbox 814 1531 1353 1619">
     <span class='ocr_line' id='line_1_9' title="bbox 814 1531 1353 1619; baseline 0.002 -17"><span class='ocrx_word' id='word_1_43' title='bbox 814 1531 1188 1619; x_wconf 60' lang='lat' dir='ltr'>sauromatarum</span> <span class='ocrx_word' id='word_1_44' title='bbox 1207 1535 1353 1606; x_wconf 62' lang='lat' dir='ltr'>svam</span> 
     </span>
    </p>
   </div>
   <div class='ocr_carea' id='block_1_4' title="bbox 483 1723 1858 2188">
    <p class='ocr_par' dir='ltr' id='par_1_4' title="bbox 483 1723 1858 2188">
     <span class='ocr_line' id='line_1_10' title="bbox 484 1723 1856 1824; baseline 0.001 -28"><span class='ocrx_word' id='word_1_45' title='bbox 484 1723 706 1824; x_wconf 80' lang='lat' dir='ltr'><strong><em>Imperator.</em></strong></span> <span class='ocrx_word' id='word_1_46' title='bbox 728 1723 876 1804; x_wconf 72' lang='lat' dir='ltr'>Cesar.</span> <span class='ocrx_word' id='word_1_47' title='bbox 900 1725 1051 1803; x_wconf 77' lang='lat' dir='ltr'>Marsos</span> <span class='ocrx_word' id='word_1_48' title='bbox 1072 1787 1078 1800; x_wconf 95' lang='lat'><em>.</em></span> <span class='ocrx_word' id='word_1_49' title='bbox 1098 1727 1267 1804; x_wconf 80' lang='lat' dir='ltr'>Aurelios</span> <span class='ocrx_word' id='word_1_50' title='bbox 1293 1786 1301 1804; x_wconf 92' lang='lat'>.</span> <span class='ocrx_word' id='word_1_51' title='bbox 1325 1728 1528 1806; x_wconf 76' lang='lat' dir='ltr'>Antoniana</span> <span class='ocrx_word' id='word_1_52' title='bbox 1550 1787 1559 1803; x_wconf 93' lang='lat'><strong>.</strong></span> <span class='ocrx_word' id='word_1_53' title='bbox 1582 1729 1679 1804; x_wconf 85' lang='lat' dir='ltr'>Pius</span> <span class='ocrx_word' id='word_1_54' title='bbox 1700 1783 1710 1802; x_wconf 90' lang='lat'><strong>.</strong></span> <span class='ocrx_word' id='word_1_55' title='bbox 1735 1728 1856 1804; x_wconf 74' lang='lat' dir='ltr'>Falla.</span> 
     </span>
     <span class='ocr_line' id='line_1_11' title="bbox 484 1843 1858 1943; baseline 0.006 -27"><span class='ocrx_word' id='word_1_56' title='bbox 484 1843 668 1943; x_wconf 60' lang='lat' dir='ltr'>Anamares</span> <span class='ocrx_word' id='word_1_57' title='bbox 690 1903 696 1918; x_wconf 93' lang='lat'>.</span> <span class='ocrx_word' id='word_1_58' title='bbox 723 1843 911 1921; x_wconf 73' lang='lat' dir='ltr'>Parthians</span> <span class='ocrx_word' id='word_1_59' title='bbox 928 1901 934 1918; x_wconf 94' lang='lat'>.</span> <span class='ocrx_word' id='word_1_60' title='bbox 952 1843 1138 1921; x_wconf 69' lang='lat' dir='ltr'>Maximus</span> <span class='ocrx_word' id='word_1_61' title='bbox 1155 1903 1162 1918; x_wconf 94' lang='lat'>.</span> <span class='ocrx_word' id='word_1_62' title='bbox 1180 1845 1420 1924; x_wconf 76' lang='lat' dir='ltr'>Britanniam</span> <span class='ocrx_word' id='word_1_63' title='bbox 1437 1906 1444 1922; x_wconf 93' lang='lat'><strong>.</strong></span> <span class='ocrx_word' id='word_1_64' title='bbox 1462 1847 1650 1924; x_wconf 64' lang='lat' dir='ltr'>Maximae</span> <span class='ocrx_word' id='word_1_65' title='bbox 1673 1905 1681 1922; x_wconf 91' lang='lat'>.</span> <span class='ocrx_word' id='word_1_66' title='bbox 1705 1847 1858 1924; x_wconf 75' lang='lat' dir='ltr'>Gerar-</span> 
     </span>
     <span class='ocr_line' id='line_1_12' title="bbox 484 1962 1856 2065; baseline -0.002 -25"><span class='ocrx_word' id='word_1_67' title='bbox 484 1963 558 2040; x_wconf 72' lang='lat' dir='ltr'>aas</span> <span class='ocrx_word' id='word_1_68' title='bbox 584 2023 592 2039; x_wconf 94' lang='lat'>.</span> <span class='ocrx_word' id='word_1_69' title='bbox 616 1963 801 2040; x_wconf 67' lang='lat' dir='ltr'>Maximus</span> <span class='ocrx_word' id='word_1_70' title='bbox 828 2022 835 2038; x_wconf 94' lang='lat'>.</span> <span class='ocrx_word' id='word_1_71' title='bbox 867 1962 1029 2065; x_wconf 81' lang='lat' dir='ltr'>Pontisea</span> <span class='ocrx_word' id='word_1_72' title='bbox 1055 2019 1063 2038; x_wconf 92' lang='lat'><strong>.</strong></span> <span class='ocrx_word' id='word_1_73' title='bbox 1090 1963 1276 2040; x_wconf 70' lang='lat' dir='ltr'>Maximae</span> <span class='ocrx_word' id='word_1_74' title='bbox 1304 2022 1313 2039; x_wconf 90' lang='lat'><em>.</em></span> <span class='ocrx_word' id='word_1_75' title='bbox 1341 1965 1522 2044; x_wconf 73' lang='lat' dir='ltr'>Mortibus</span> <span class='ocrx_word' id='word_1_76' title='bbox 1550 2025 1556 2041; x_wconf 95' lang='lat'><em>.</em></span> <span class='ocrx_word' id='word_1_77' title='bbox 1584 1967 1856 2045; x_wconf 62' lang='lat' dir='ltr'>Inminentem.</span> 
     </span>
     <span class='ocr_line' id='line_1_13' title="bbox 483 2081 1858 2188; baseline 0.002 -31"><span class='ocrx_word' id='word_1_78' title='bbox 483 2083 580 2185; x_wconf 77' lang='lat' dir='ltr'>Lyco</span> <span class='ocrx_word' id='word_1_79' title='bbox 598 2142 606 2158; x_wconf 90' lang='lat'><strong>.</strong></span> <span class='ocrx_word' id='word_1_80' title='bbox 624 2083 789 2160; x_wconf 72' lang='lat' dir='ltr'>Flamini</span> <span class='ocrx_word' id='word_1_81' title='bbox 806 2142 814 2158; x_wconf 93' lang='lat'><strong>.</strong></span> <span class='ocrx_word' id='word_1_82' title='bbox 832 2081 965 2162; x_wconf 67' lang='lat' dir='ltr'>Casta.</span> <span class='ocrx_word' id='word_1_83' title='bbox 986 2083 1092 2159; x_wconf 84' lang='lat' dir='ltr'><em>Viam</em></span> <span class='ocrx_word' id='word_1_84' title='bbox 1109 2141 1117 2156; x_wconf 91' lang='lat'><strong>.</strong></span> <span class='ocrx_word' id='word_1_85' title='bbox 1137 2083 1339 2161; x_wconf 81' lang='lat' dir='ltr'>Dilatavit.</span> <span class='ocrx_word' id='word_1_86' title='bbox 1360 2087 1430 2164; x_wconf 85' lang='lat' dir='ltr'>Per</span> <span class='ocrx_word' id='word_1_87' title='bbox 1447 2144 1457 2162; x_wconf 87' lang='lat'><strong>.</strong></span> <span class='ocrx_word' id='word_1_88' title='bbox 1476 2086 1714 2188; x_wconf 70' lang='lat' dir='ltr'>(eamdam)</span> <span class='ocrx_word' id='word_1_89' title='bbox 1734 2147 1741 2161; x_wconf 92' lang='lat'><em>.</em></span> <span class='ocrx_word' id='word_1_90' title='bbox 1762 2087 1858 2160; x_wconf 77' lang='lat' dir='ltr'>Ante</span> 
     </span>
    </p>
   </div>
   <div class='ocr_carea' id='block_1_5' title="bbox 996 2203 1356 2283">
    <p class='ocr_par' dir='ltr' id='par_1_5' title="bbox 996 2203 1356 2283">
     <span class='ocr_line' id='line_1_14' title="bbox 996 2203 1356 2283; baseline 0.006 -5"><span class='ocrx_word' id='word_1_91' title='bbox 996 2203 1328 2283; x_wconf 68' lang='lat' dir='ltr'>siromasten</span> <span class='ocrx_word' id='word_1_92' title='bbox 1347 2263 1356 2280; x_wconf 92' lang='lat'><strong>.</strong></span> 
     </span>
    </p>
   </div>
   <div class='ocr_carea' id='block_1_6' title="bbox 483 2405 1857 2626">
    <p class='ocr_par' dir='ltr' id='par_1_6' title="bbox 483 2405 1857 2626">
     <span class='ocr_line' id='line_1_15' title="bbox 485 2405 1857 2508; baseline -0.006 -24"><span class='ocrx_word' id='word_1_93' title='bbox 485 2422 568 2508; x_wconf 91' lang='lat' dir='ltr'>post</span> <span class='ocrx_word' id='word_1_94' title='bbox 591 2407 744 2483; x_wconf 90' lang='lat' dir='ltr'>domitas</span> <span class='ocrx_word' id='word_1_95' title='bbox 769 2409 894 2482; x_wconf 77' lang='lat' dir='ltr'>tumbas</span> <span class='ocrx_word' id='word_1_96' title='bbox 913 2405 1100 2484; x_wconf 79' lang='lat' dir='ltr'>Cassianus</span> <span class='ocrx_word' id='word_1_97' title='bbox 1117 2408 1156 2482; x_wconf 92' lang='lat' dir='ltr'>in</span> <span class='ocrx_word' id='word_1_98' title='bbox 1173 2432 1228 2482; x_wconf 88' lang='lat' dir='ltr'>an</span> <span class='ocrx_word' id='word_1_99' title='bbox 1248 2409 1294 2485; x_wconf 91' lang='lat' dir='ltr'>U.</span> <span class='ocrx_word' id='word_1_100' title='bbox 1309 2407 1350 2483; x_wconf 89' lang='lat' dir='ltr'>C.</span> <span class='ocrx_word' id='word_1_101' title='bbox 1379 2411 1459 2482; x_wconf 80' lang='lat'>929.</span> <span class='ocrx_word' id='word_1_102' title='bbox 1479 2409 1585 2481; x_wconf 92' lang='lat' dir='ltr'>Dom.</span> <span class='ocrx_word' id='word_1_103' title='bbox 1599 2419 1710 2482; x_wconf 83' lang='lat' dir='ltr'><strong>nostr.</strong></span> <span class='ocrx_word' id='word_1_104' title='bbox 1733 2409 1810 2482; x_wconf 83' lang='grc'><strong>176.</strong></span> <span class='ocrx_word' id='word_1_105' title='bbox 1826 2417 1857 2477; x_wconf 88' lang='lat' dir='ltr'>at</span> 
     </span>
     <span class='ocr_line' id='line_1_16' title="bbox 483 2523 1855 2626; baseline -0.007 -25"><span class='ocrx_word' id='word_1_106' title='bbox 483 2551 547 2602; x_wconf 85' lang='lat' dir='ltr'>xv.</span> <span class='ocrx_word' id='word_1_107' title='bbox 564 2526 716 2626; x_wconf 89' lang='lat' dir='ltr'>imperii.</span> <span class='ocrx_word' id='word_1_108' title='bbox 774 2525 911 2603; x_wconf 78' lang='lat' dir='ltr'>Saltem</span> <span class='ocrx_word' id='word_1_109' title='bbox 928 2524 1001 2600; x_wconf 90' lang='lat' dir='ltr'>hue</span> <span class='ocrx_word' id='word_1_110' title='bbox 1018 2537 1182 2622; x_wconf 84' lang='lat' dir='ltr'>spectant</span> <span class='ocrx_word' id='word_1_111' title='bbox 1197 2525 1303 2600; x_wconf 83' lang='lat' dir='ltr'>Part.</span> <span class='ocrx_word' id='word_1_112' title='bbox 1318 2525 1419 2600; x_wconf 81' lang='lat' dir='ltr'>Mae.</span> <span class='ocrx_word' id='word_1_113' title='bbox 1441 2538 1479 2600; x_wconf 86' lang='lat' dir='ltr'>et</span> <span class='ocrx_word' id='word_1_114' title='bbox 1495 2523 1612 2602; x_wconf 81' lang='lat' dir='ltr'>Germ.</span> <span class='ocrx_word' id='word_1_115' title='bbox 1625 2525 1726 2600; x_wconf 76' lang='lat' dir='ltr'>Mor.</span> <span class='ocrx_word' id='word_1_116' title='bbox 1737 2525 1775 2600; x_wconf 92' lang='lat' dir='ltr'>in</span> <span class='ocrx_word' id='word_1_117' title='bbox 1788 2549 1817 2598; x_wconf 91' lang='lat' dir='ltr'>v.</span> <span class='ocrx_word' id='word_1_118' title='bbox 1829 2525 1855 2594; x_wconf 83' lang='grc'>3.</span> 
     </span>
    </p>
   </div>
   <div class='ocr_carea' id='block_1_7' title="bbox 482 2643 1857 4066">
    <p class='ocr_par' dir='ltr' id='par_1_7' title="bbox 482 2643 1857 4066">
     <span class='ocr_line' id='line_1_17' title="bbox 485 2643 1857 2745; baseline -0.007 -22"><span class='ocrx_word' id='word_1_119' title='bbox 485 2673 640 2745; x_wconf 79' lang='lat' dir='ltr'>quonum</span> <span class='ocrx_word' id='word_1_120' title='bbox 662 2647 734 2722; x_wconf 89' lang='lat' dir='ltr'>hoc</span> <span class='ocrx_word' id='word_1_121' title='bbox 752 2646 983 2744; x_wconf 89' lang='lat' dir='ltr'>adsumptum</span> <span class='ocrx_word' id='word_1_122' title='bbox 999 2646 1117 2722; x_wconf 85' lang='lat' dir='ltr'>fuerat</span> <span class='ocrx_word' id='word_1_123' title='bbox 1133 2649 1278 2722; x_wconf 78' lang='lat' dir='ltr'>circiter</span> <span class='ocrx_word' id='word_1_124' title='bbox 1293 2649 1396 2722; x_wconf 85' lang='lat' dir='ltr'>annis</span> <span class='ocrx_word' id='word_1_125' title='bbox 1419 2659 1575 2744; x_wconf 89' lang='lat' dir='ltr'>quatuor</span> <span class='ocrx_word' id='word_1_126' title='bbox 1592 2661 1684 2733; x_wconf 84' lang='lat' dir='ltr'>ante,</span> <span class='ocrx_word' id='word_1_127' title='bbox 1701 2644 1793 2720; x_wconf 91' lang='lat' dir='ltr'>illud</span> <span class='ocrx_word' id='word_1_128' title='bbox 1807 2643 1857 2715; x_wconf 81' lang='lat' dir='ltr'>da</span> 
     </span>
     <span class='ocr_line' id='line_1_18' title="bbox 483 2768 1856 2867; baseline -0.004 -23"><span class='ocrx_word' id='word_1_129' title='bbox 483 2793 572 2844; x_wconf 82' lang='lat' dir='ltr'>eam.</span> <span class='ocrx_word' id='word_1_130' title='bbox 634 2772 749 2844; x_wconf 85' lang='lat' dir='ltr'>Erant</span> <span class='ocrx_word' id='word_1_131' title='bbox 772 2779 810 2842; x_wconf 90' lang='lat' dir='ltr'>et</span> <span class='ocrx_word' id='word_1_132' title='bbox 825 2768 1073 2864; x_wconf 69' lang='lat' dir='ltr'>Armeniacus,</span> <span class='ocrx_word' id='word_1_133' title='bbox 1100 2769 1270 2859; x_wconf 72' lang='lat' dir='ltr'>Mediae-s,</span> <span class='ocrx_word' id='word_1_134' title='bbox 1290 2769 1522 2858; x_wconf 81' lang='lat' dir='ltr'>Sarntatieus,</span> <span class='ocrx_word' id='word_1_135' title='bbox 1545 2795 1628 2867; x_wconf 83' lang='lat' dir='ltr'>quae</span> <span class='ocrx_word' id='word_1_136' title='bbox 1654 2769 1715 2844; x_wconf 87' lang='lat' dir='ltr'>hic</span> <span class='ocrx_word' id='word_1_137' title='bbox 1744 2769 1856 2843; x_wconf 86' lang='lat' dir='ltr'>locum</span> 
     </span>
     <span class='ocr_line' id='line_1_19' title="bbox 484 2885 1856 2988; baseline -0.002 -26"><span class='ocrx_word' id='word_1_138' title='bbox 484 2913 558 2962; x_wconf 90' lang='lat' dir='ltr'>non</span> <span class='ocrx_word' id='word_1_139' title='bbox 583 2887 728 2978; x_wconf 91' lang='lat' dir='ltr'>habent,</span> <span class='ocrx_word' id='word_1_140' title='bbox 751 2888 912 2965; x_wconf 77' lang='lat' dir='ltr'>fortassis</span> <span class='ocrx_word' id='word_1_141' title='bbox 936 2891 984 2964; x_wconf 95' lang='lat' dir='ltr'>ob</span> <span class='ocrx_word' id='word_1_142' title='bbox 1006 2916 1150 2966; x_wconf 87' lang='lat' dir='ltr'>eausam</span> <span class='ocrx_word' id='word_1_143' title='bbox 1174 2916 1283 2988; x_wconf 89' lang='lat' dir='ltr'>quam</span> <span class='ocrx_word' id='word_1_144' title='bbox 1313 2915 1362 2966; x_wconf 87' lang='lat' dir='ltr'>ex</span> <span class='ocrx_word' id='word_1_145' title='bbox 1387 2891 1460 2966; x_wconf 91' lang='lat' dir='ltr'>fide</span> <span class='ocrx_word' id='word_1_146' title='bbox 1482 2913 1715 2966; x_wconf 87' lang='lat' dir='ltr'>nummorum</span> <span class='ocrx_word' id='word_1_147' title='bbox 1742 2885 1856 2964; x_wconf 76' lang='lat' dir='ltr'>statuit</span> 
     </span>
     <span class='ocr_line' id='line_1_20' title="bbox 484 3006 1856 3108; baseline -0.003 -24"><span class='ocrx_word' id='word_1_148' title='bbox 484 3007 692 3096; x_wconf 84' lang='lat' dir='ltr'>Eakhelius,</span> <span class='ocrx_word' id='word_1_149' title='bbox 709 3009 888 3104; x_wconf 90' lang='lat' dir='ltr'>nimirum,</span> <span class='ocrx_word' id='word_1_150' title='bbox 906 3035 928 3084; x_wconf 88' lang='lat' dir='ltr'>a</span> <span class='ocrx_word' id='word_1_151' title='bbox 943 3010 1007 3085; x_wconf 87' lang='lat' dir='ltr'>tali</span> <span class='ocrx_word' id='word_1_152' title='bbox 1023 3011 1204 3108; x_wconf 84' lang='lat' dir='ltr'>praeconio</span> <span class='ocrx_word' id='word_1_153' title='bbox 1222 3011 1436 3085; x_wconf 77' lang='lat' dir='ltr'>abstinuisse</span> <span class='ocrx_word' id='word_1_154' title='bbox 1449 3012 1617 3085; x_wconf 84' lang='lat' dir='ltr'>Marcum</span> <span class='ocrx_word' id='word_1_155' title='bbox 1633 3009 1744 3107; x_wconf 81' lang='lat' dir='ltr'>patris</span> <span class='ocrx_word' id='word_1_156' title='bbox 1761 3006 1856 3102; x_wconf 73' lang='lat' dir='ltr'>adop</span> 
     </span>
     <span class='ocr_line' id='line_1_21' title="bbox 483 3125 1856 3228; baseline -0.003 -26"><span class='ocrx_word' id='word_1_157' title='bbox 483 3129 551 3203; x_wconf 84' lang='lat' dir='ltr'>tivi</span> <span class='ocrx_word' id='word_1_158' title='bbox 567 3127 776 3225; x_wconf 87' lang='lat' dir='ltr'>exemplum</span> <span class='ocrx_word' id='word_1_159' title='bbox 793 3141 1005 3225; x_wconf 69' lang='lat' dir='ltr'>sequutum</span> <span class='ocrx_word' id='word_1_160' title='bbox 1031 3128 1102 3204; x_wconf 87' lang='lat' dir='ltr'>hoo</span> <span class='ocrx_word' id='word_1_161' title='bbox 1118 3131 1275 3204; x_wconf 86' lang='lat' dir='ltr'>maxime</span> <span class='ocrx_word' id='word_1_162' title='bbox 1292 3141 1374 3228; x_wconf 89' lang='lat' dir='ltr'>post</span> <span class='ocrx_word' id='word_1_163' title='bbox 1386 3155 1444 3206; x_wconf 90' lang='lat' dir='ltr'>an.</span> <span class='ocrx_word' id='word_1_164' title='bbox 1456 3131 1502 3207; x_wconf 91' lang='lat' dir='ltr'>U.</span> <span class='ocrx_word' id='word_1_165' title='bbox 1517 3129 1560 3206; x_wconf 82' lang='grc' dir='ltr'>Ο.</span> <span class='ocrx_word' id='word_1_166' title='bbox 1578 3131 1675 3204; x_wconf 81' lang='lat'><strong>930¹.</strong></span> <span class='ocrx_word' id='word_1_167' title='bbox 1712 3125 1856 3226; x_wconf 87' lang='lat' dir='ltr'>Speciali</span> 
     </span>
     <span class='ocr_line' id='line_1_22' title="bbox 485 3247 1856 3342; baseline -0.004 -18"><span class='ocrx_word' id='word_1_168' title='bbox 485 3247 531 3324; x_wconf 88' lang='lat' dir='ltr'>ds</span> <span class='ocrx_word' id='word_1_169' title='bbox 548 3273 656 3323; x_wconf 87' lang='lat' dir='ltr'>eausa</span> <span class='ocrx_word' id='word_1_170' title='bbox 671 3249 795 3322; x_wconf 87' lang='lat' dir='ltr'>abesse</span> <span class='ocrx_word' id='word_1_171' title='bbox 813 3247 949 3323; x_wconf 80' lang='lat' dir='ltr'>dixeris</span> <span class='ocrx_word' id='word_1_172' title='bbox 966 3248 1110 3326; x_wconf 67' lang='lat' dir='ltr'>Armate</span> <span class='ocrx_word' id='word_1_173' title='bbox 1123 3249 1249 3326; x_wconf 81' lang='lat' dir='ltr'>Media.</span> <span class='ocrx_word' id='word_1_174' title='bbox 1267 3251 1341 3324; x_wconf 89' lang='lat' dir='ltr'>soil.</span> <span class='ocrx_word' id='word_1_175' title='bbox 1360 3251 1408 3324; x_wconf 93' lang='lat' dir='ltr'>ob</span> <span class='ocrx_word' id='word_1_176' title='bbox 1424 3251 1634 3324; x_wconf 85' lang='lat' dir='ltr'>memoriam</span> <span class='ocrx_word' id='word_1_177' title='bbox 1648 3249 1750 3334; x_wconf 87' lang='lat' dir='ltr'>Veri,</span> <span class='ocrx_word' id='word_1_178' title='bbox 1763 3247 1856 3342; x_wconf 86' lang='lat' dir='ltr'>cujus</span> 
     </span>
     <span class='ocr_line' id='line_1_23' title="bbox 483 3367 1855 3468; baseline -0.005 -24"><span class='ocrx_word' id='word_1_179' title='bbox 483 3369 551 3466; x_wconf 90' lang='lat' dir='ltr'>hos</span> <span class='ocrx_word' id='word_1_180' title='bbox 561 3369 685 3445; x_wconf 89' lang='lat' dir='ltr'>titulos</span> <span class='ocrx_word' id='word_1_181' title='bbox 695 3395 803 3444; x_wconf 89' lang='lat' dir='ltr'>sensu</span> <span class='ocrx_word' id='word_1_182' title='bbox 816 3371 951 3444; x_wconf 86' lang='lat' dir='ltr'>eximio</span> <span class='ocrx_word' id='word_1_183' title='bbox 963 3369 1073 3445; x_wconf 82' lang='lat' dir='ltr'>fuisse</span> <span class='ocrx_word' id='word_1_184' title='bbox 1091 3371 1286 3468; x_wconf 68' lang='lat' dir='ltr'>praedicare</span> <span class='ocrx_word' id='word_1_185' title='bbox 1300 3370 1439 3446; x_wconf 87' lang='lat' dir='ltr'>solebat</span> <span class='ocrx_word' id='word_1_186' title='bbox 1447 3371 1499 3444; x_wconf 90' lang='lat' dir='ltr'>M.</span> <span class='ocrx_word' id='word_1_187' title='bbox 1512 3369 1695 3444; x_wconf 88' lang='lat' dir='ltr'>Aurelius.</span> <span class='ocrx_word' id='word_1_188' title='bbox 1727 3367 1855 3442; x_wconf 86' lang='lat' dir='ltr'>Eodem</span> 
     </span>
     <span class='ocr_line' id='line_1_24' title="bbox 485 3485 1856 3588; baseline -0.005 -24"><span class='ocrx_word' id='word_1_189' title='bbox 485 3514 593 3564; x_wconf 90' lang='lat' dir='ltr'>sensu</span> <span class='ocrx_word' id='word_1_190' title='bbox 614 3502 798 3588; x_wconf 88' lang='lat' dir='ltr'>permotus</span> <span class='ocrx_word' id='word_1_191' title='bbox 823 3500 861 3562; x_wconf 87' lang='lat' dir='ltr'>et</span> <span class='ocrx_word' id='word_1_192' title='bbox 881 3486 1089 3564; x_wconf 78' lang='lat' dir='ltr'>aPortlieo</span> <span class='ocrx_word' id='word_1_193' title='bbox 1115 3485 1321 3562; x_wconf 75' lang='lat' dir='ltr'>absonae:</span> <span class='ocrx_word' id='word_1_194' title='bbox 1350 3499 1508 3563; x_wconf 86' lang='lat' dir='ltr'>attamen</span> <span class='ocrx_word' id='word_1_195' title='bbox 1537 3486 1598 3562; x_wconf 89' lang='lat' dir='ltr'>hie</span> <span class='ocrx_word' id='word_1_196' title='bbox 1625 3487 1856 3585; x_wconf 85' lang='lat' dir='ltr'>conspicimus</span> 
     </span>
     <span class='ocr_line' id='line_1_25' title="bbox 484 3604 1855 3705; baseline -0.007 -19"><span class='ocrx_word' id='word_1_197' title='bbox 484 3609 671 3696; x_wconf 85' lang='lat' dir='ltr'>adscitum,</span> <span class='ocrx_word' id='word_1_198' title='bbox 686 3609 836 3684; x_wconf 84' lang='lat' dir='ltr'>fortasse</span> <span class='ocrx_word' id='word_1_199' title='bbox 854 3609 940 3705; x_wconf 88' lang='lat' dir='ltr'>quia</span> <span class='ocrx_word' id='word_1_200' title='bbox 962 3621 1112 3684; x_wconf 80' lang='lat' dir='ltr'>cunctos</span> <span class='ocrx_word' id='word_1_201' title='bbox 1133 3609 1240 3684; x_wconf 91' lang='lat' dir='ltr'>simul</span> <span class='ocrx_word' id='word_1_202' title='bbox 1256 3611 1380 3684; x_wconf 87' lang='lat' dir='ltr'>abesse</span> <span class='ocrx_word' id='word_1_203' title='bbox 1403 3607 1522 3683; x_wconf 92' lang='lat' dir='ltr'>noluit</span> <span class='ocrx_word' id='word_1_204' title='bbox 1543 3633 1565 3682; x_wconf 91' lang='lat' dir='ltr'>a</span> <span class='ocrx_word' id='word_1_205' title='bbox 1585 3608 1803 3683; x_wconf 88' lang='lat' dir='ltr'>monimento</span> <span class='ocrx_word' id='word_1_206' title='bbox 1823 3604 1855 3676; x_wconf 91' lang='lat' dir='ltr'>in</span> 
     </span>
     <span class='ocr_line' id='line_1_26' title="bbox 483 3722 1855 3830; baseline -0.007 -26"><span class='ocrx_word' id='word_1_207' title='bbox 483 3730 589 3830; x_wconf 85' lang='lat' dir='ltr'>plaga</span> <span class='ocrx_word' id='word_1_208' title='bbox 615 3729 780 3804; x_wconf 86' lang='lat' dir='ltr'>orientali</span> <span class='ocrx_word' id='word_1_209' title='bbox 802 3727 958 3804; x_wconf 85' lang='lat' dir='ltr'>condito.</span> <span class='ocrx_word' id='word_1_210' title='bbox 1010 3730 1055 3802; x_wconf 95' lang='lat' dir='ltr'>In</span> <span class='ocrx_word' id='word_1_211' title='bbox 1072 3755 1106 3803; x_wconf 91' lang='lat' dir='ltr'>v.</span> <span class='ocrx_word' id='word_1_212' title='bbox 1128 3732 1158 3802; x_wconf 79' lang='lat'>7.</span> <span class='ocrx_word' id='word_1_213' title='bbox 1185 3729 1314 3827; x_wconf 87' lang='lat' dir='ltr'>procul</span> <span class='ocrx_word' id='word_1_214' title='bbox 1343 3727 1456 3803; x_wconf 92' lang='lat' dir='ltr'>dubio</span> <span class='ocrx_word' id='word_1_215' title='bbox 1486 3740 1638 3825; x_wconf 87' lang='lat' dir='ltr'>sequuta</span> <span class='ocrx_word' id='word_1_216' title='bbox 1665 3741 1749 3802; x_wconf 89' lang='lat' dir='ltr'>sunt</span> <span class='ocrx_word' id='word_1_217' title='bbox 1774 3722 1855 3799; x_wconf 89' lang='lat' dir='ltr'>illud</span> 
     </span>
     <span class='ocr_line' id='line_1_27' title="bbox 486 3845 1855 3946; baseline -0.007 -21"><span class='ocrx_word' id='word_1_218' title='bbox 486 3854 570 3925; x_wconf 76' lang='lat' dir='ltr'>PER</span> <span class='ocrx_word' id='word_1_219' title='bbox 584 3849 623 3923; x_wconf 92' lang='lat' dir='ltr'>in</span> <span class='ocrx_word' id='word_1_220' title='bbox 640 3850 746 3924; x_wconf 86' lang='lat' dir='ltr'>titulo</span> <span class='ocrx_word' id='word_1_221' title='bbox 767 3849 880 3923; x_wconf 89' lang='lat' dir='ltr'>illaeso</span> <span class='ocrx_word' id='word_1_222' title='bbox 902 3848 1048 3923; x_wconf 90' lang='lat' dir='ltr'>nomina</span> <span class='ocrx_word' id='word_1_223' title='bbox 1064 3849 1142 3946; x_wconf 88' lang='lat' dir='ltr'>ejus</span> <span class='ocrx_word' id='word_1_224' title='bbox 1165 3849 1270 3944; x_wconf 86' lang='lat' dir='ltr'>cujus</span> <span class='ocrx_word' id='word_1_225' title='bbox 1296 3846 1495 3921; x_wconf 89' lang='lat' dir='ltr'>ministerio</span> <span class='ocrx_word' id='word_1_226' title='bbox 1513 3871 1601 3920; x_wconf 92' lang='lat' dir='ltr'>usus</span> <span class='ocrx_word' id='word_1_227' title='bbox 1616 3845 1736 3922; x_wconf 86' lang='lat' dir='ltr'>fuerat</span> <span class='ocrx_word' id='word_1_228' title='bbox 1751 3847 1855 3942; x_wconf 86' lang='lat' dir='ltr'>Impe-</span> 
     </span>
     <span class='ocr_line' id='line_1_28' title="bbox 482 3965 1855 4066; baseline -0.002 -23"><span class='ocrx_word' id='word_1_229' title='bbox 482 3981 582 4043; x_wconf 85' lang='lat' dir='ltr'>rator</span> <span class='ocrx_word' id='word_1_230' title='bbox 598 3968 636 4042; x_wconf 92' lang='lat' dir='ltr'>in</span> <span class='ocrx_word' id='word_1_231' title='bbox 653 3991 761 4066; x_wconf 89' lang='lat' dir='ltr'>opere</span> <span class='ocrx_word' id='word_1_232' title='bbox 779 3967 1019 4042; x_wconf 84' lang='lat' dir='ltr'>conficiendo:</span> <span class='ocrx_word' id='word_1_233' title='bbox 1047 3967 1140 4042; x_wconf 84' lang='lat' dir='ltr'>conf.</span> <span class='ocrx_word' id='word_1_234' title='bbox 1153 3965 1237 4042; x_wconf 76' lang='lat' dir='ltr'>infr.</span> <span class='ocrx_word' id='word_1_235' title='bbox 1256 3989 1425 4044; x_wconf 75' lang='lat' dir='ltr'>eccm</span> <span class='ocrx_word' id='word_1_236' title='bbox 1442 3969 1498 4042; x_wconf 85' lang='lat'>14.</span> <span class='ocrx_word' id='word_1_237' title='bbox 1549 3966 1682 4041; x_wconf 89' lang='lat' dir='ltr'>Deleta</span> <span class='ocrx_word' id='word_1_238' title='bbox 1697 3991 1783 4041; x_wconf 89' lang='lat' dir='ltr'>vero</span> <span class='ocrx_word' id='word_1_239' title='bbox 1804 3988 1855 4062; x_wconf 78' lang='lat' dir='ltr'>pe</span> 
     </span>
    </p>
   </div>
   <div class='ocr_carea' id='block_1_8' title="bbox 485 4246 1773 4416">
    <p class='ocr_par' dir='ltr' id='par_1_8' title="bbox 485 4246 1773 4416">
     <span class='ocr_line' id='line_1_29' title="bbox 523 4246 1773 4327; baseline -0.005 -17"><span class='ocrx_word' id='word_1_240' title='bbox 523 4249 632 4310; x_wconf 65' lang='lat' dir='ltr'>scone.</span> <span class='ocrx_word' id='word_1_241' title='bbox 652 4246 772 4308; x_wconf 83' lang='lat' dir='ltr'>Eokhsl.</span> <span class='ocrx_word' id='word_1_242' title='bbox 787 4265 839 4308; x_wconf 84' lang='lat' dir='ltr'>vu.</span> <span class='ocrx_word' id='word_1_243' title='bbox 865 4267 914 4326; x_wconf 80' lang='lat' dir='ltr'>pp·</span> <span class='ocrx_word' id='word_1_244' title='bbox 935 4246 1041 4311; x_wconf 66' lang='lat'><strong>35-37.</strong></span> <span class='ocrx_word' id='word_1_245' title='bbox 1061 4247 1109 4312; x_wconf 79' lang='grc'>70.</span> <span class='ocrx_word' id='word_1_246' title='bbox 1122 4268 1147 4308; x_wconf 84' lang='lat' dir='ltr'>a.</span> <span class='ocrx_word' id='word_1_247' title='bbox 1237 4249 1250 4284; x_wconf 82' lang='lat'>¹¹</span> <span class='ocrx_word' id='word_1_248' title='bbox 1263 4249 1341 4310; x_wconf 85' lang='lat' dir='ltr'>Vide</span> <span class='ocrx_word' id='word_1_249' title='bbox 1354 4249 1501 4327; x_wconf 76' lang='lat' dir='ltr'>capitolin</span> <span class='ocrx_word' id='word_1_250' title='bbox 1514 4249 1545 4306; x_wconf 90' lang='lat' dir='ltr'>iu</span> <span class='ocrx_word' id='word_1_251' title='bbox 1559 4247 1707 4307; x_wconf 70' lang='lat' dir='ltr'>Melus-el.</span> <span class='ocrx_word' id='word_1_252' title='bbox 1721 4263 1773 4306; x_wconf 76' lang='grc' dir='ltr'>ιη.</span> 
     </span>
     <span class='ocr_line' id='line_1_30' title="bbox 485 4347 671 4416; baseline -0.065 0"><span class='ocrx_word' id='word_1_253' title='bbox 485 4353 531 4416; x_wconf 76' lang='grc'>72.</span> <span class='ocrx_word' id='word_1_254' title='bbox 539 4351 568 4410; x_wconf 88' lang='lat' dir='ltr'>b.</span> <span class='ocrx_word' id='word_1_255' title='bbox 588 4347 635 4414; x_wconf 82' lang='lat'>74.</span> <span class='ocrx_word' id='word_1_256' title='bbox 646 4367 671 4406; x_wconf 80' lang='lat' dir='ltr'>a.</span> 
     </span>
    </p>
   </div>
   <div class='ocr_carea' id='block_1_9' title="bbox 0 0 1964 5240">
    <p class='ocr_par' dir='ltr' id='par_1_9' title="bbox 0 0 1964 5240">
     <span class='ocr_line' id='line_1_31' title="bbox 0 0 1964 5240; baseline 0 1"><span class='ocrx_word' id='word_1_257' title='bbox 0 0 1964 5240; x_wconf 95' lang='lat' dir='ltr'> </span> 
     </span>
    </p>
   </div>
  </div>
 </body>
</html>
