4028 5258
156 561 261 608 mssa.
276 539 390 629 saxa]
779 537 930 604 ursrA.
1486 543 1547 609 aas

157 724 383 834 τοπραξίας)
404 733 547 807 feminis
577 731 702 805 talium
731 732 941 805 attribuitur
968 733 1125 829 qualium
1154 734 1332 830 possessio
1358 733 1446 808 viris
1472 761 1546 810 non

157 854 386 954 competebat
404 854 484 953 (vv.
501 850 669 949 25-26.).

231 979 277 1051 In
295 979 354 1050 25.
373 977 451 1052 init.
469 977 570 1077 Hyd.
593 982 693 1050 ssAt.
746 975 842 1048 Dein
859 980 1095 1049 ΑΛΛΤΡΙΑΕ.
1150 973 1351 1049 Sublimi*
1373 981 1383 1042 :
1409 981 1545 1049 ΝΑΙΞΙ.

159 1098 291 1174 Gravis
307 1121 415 1172 eausa
431 1111 508 1173 erat
524 1123 590 1174 our
607 1095 804 1170 Praefectus
822 1097 925 1170 dotes
942 1097 1027 1170 istas
1044 1095 1187 1168 feminis
1200 1095 1394 1192 adjudicet,
1412 1097 1546 1194 quippe

158 1215 371 1319 ἀλλοτρίας,
389 1219 533 1296 alanos.
581 1221 665 1294 Hoc
681 1221 896 1318 intelligitur
913 1245 961 1294 ex
974 1223 1057 1317 jure
1075 1221 1330 1316 Romanorum,
1349 1223 1547 1296 seeundum

158 1341 257 1440 quod
282 1340 483 1415 censendus
512 1353 567 1414 est
592 1341 694 1436 loqui
719 1341 791 1427 Pr.,
817 1341 856 1412 in
882 1364 955 1436 quo
972 1339 1158 1438 provisum
1183 1339 1301 1414 suerat
1326 1342 1448 1416 dotem
1474 1368 1547 1416 non

159 1487 300 1560 semper
324 1486 435 1559 penes
461 1461 632 1534 maritum
657 1485 927 1558 permansuram
953 1485 1158 1559 quanquam
1186 1487 1263 1535 eam
1291 1463 1352 1536 hio
1381 1465 1547 1562 primitus

158 1583 336 1682 acceperit
352 1583 486 1679 quippe
503 1592 613 1678 eaput
629 1579 775 1653 familiae
792 1591 900 1675 atque
918 1580 964 1653 ad
978 1605 1088 1652 onera
1105 1580 1316 1655 sustinenda
1333 1582 1544 1656 destinatus.

157 1704 234 1777 Dos
252 1699 446 1797 aliquando
463 1699 509 1772 ad
525 1698 695 1772 seminam
720 1697 873 1791 redibat,
890 1698 1073 1772 interdum
1091 1724 1134 1772 ea
1151 1699 1322 1794 defanata
1338 1700 1385 1776 ad
1401 1704 1546 1797 liberos,

157 1824 225 1914 vel,
245 1824 276 1896 si
292 1848 366 1896 non
382 1822 510 1895 fuisset
526 1821 656 1918 proles,
674 1818 720 1893 ad
737 1844 821 1892 eum
837 1819 934 1892 unde
951 1818 1070 1894 iuerat
1086 1821 1254 1918 profecta.
1308 1824 1548 1916 Quandocum-

157 1955 357 2042 quaerant
386 1941 611 2017 conditiones
645 1941 740 2014 inter
766 1940 1057 2015 conveniendum
1086 1967 1152 2039 per
1185 1969 1274 2040 quas
1302 1943 1546 2020 definiebatur

157 2066 251 2140 dotis
280 2065 470 2164 possessio
522 2064 614 2137 Haeo
644 2061 744 2138 Jctl:
775 2062 840 2136 sed
865 2063 1061 2136 verisimile
1090 2076 1145 2136 est
1174 2065 1228 2137 rei
1254 2064 1432 2138 incertum
1463 2066 1545 2164 plus

157 2187 268 2260 semel
292 2187 374 2260 lites
403 2196 441 2258 et
465 2185 615 2280 injurias
639 2184 821 2281 peperisse
842 2206 924 2278 quae
947 2181 1163 2257 medicinam
1190 2183 1317 2257 harum
1345 2185 1546 2260 litterarum

155 2307 393 2404 postularunt.

231 2429 301 2504 VI.
330 2427 477 2501 Transit
496 2427 557 2499 Pr.
577 2423 623 2500 ad
649 2426 884 2522 quaestionem
903 2424 949 2498 de
967 2425 1255 2500 immunitatibus
1274 2439 1311 2500 et
1332 2427 1547 2501 remissioni·

155 2549 223 2622 bus
256 2571 320 2621 seu
354 2544 681 2619 condonationibus
714 2545 947 2640 reliquorum.
1016 2543 1342 2640 Conquerebantur
1375 2545 1546 2620 nimirum

154 2667 302 2767 plurimi
318 2667 382 2741 has
399 2666 638 2751 remissiones
652 2677 721 2740 ete.
734 2689 823 2760 quas
836 2667 993 2762 jusserat
1006 2665 1098 2762 Imp.
1115 2665 1290 2741 Claudius
1308 2667 1345 2738 in
1371 2667 1547 2764 rescripto

155 2815 221 2864 suo
250 2788 297 2863 ad
325 2790 538 2862 Postumum
569 2811 643 2860 non
671 2785 793 2860 firmas
824 2787 975 2873 stetisse,
1006 2787 1144 2861 reditus
1174 2810 1262 2858 vero
1289 2787 1546 2883 Imperatorios

154 2901 349 3013 (ἐκφόρια)
368 2911 479 2985 fnisse
498 2924 645 2985 exactos
662 2913 708 2985 ab
725 2911 769 2985 iis
787 2912 850 3008 qui
867 2935 971 3009 agros
989 2911 1230 3006 quaesiverant
1245 2911 1367 2985 medio
1384 2924 1546 3010 tempore

153 3033 248 3106 inter
264 3033 385 3106 Flacci
403 3032 616 3105 sententiam
634 3030 894 3104 damnatoriam
912 3032 1134 3130 gratiamque
1159 3031 1204 3104 ab
1226 3031 1447 3128 Imperatore
1465 3057 1547 3106 oon·

153 3177 301 3226 cessam.
335 3149 492 3224 ·Statuit
509 3149 723 3224 Alexander
741 3175 778 3222 se
796 3149 964 3247 exempla
980 3147 1129 3221 Balbilli
1154 3159 1191 3220 et
1209 3148 1355 3222 Vestini
1378 3163 1547 3246 sequutu-

154 3296 245 3358 rum,
273 3269 487 3344 condonatis
513 3269 680 3355 residuis,
710 3271 799 3366 quin
825 3270 933 3344 etiam
960 3271 1150 3342 observata
1166 3269 1407 3366 inposterum
1432 3273 1548 3368 gratia

154 3392 200 3466 de
216 3389 499 3477 remissionibus,
518 3401 587 3462 eto.
605 3413 695 3485 quas
714 3400 912 3463 statuerant
936 3389 963 3462 ii
989 3388 1052 3486 qui
1078 3388 1113 3461 ei
1137 3388 1365 3486 praeiverant.
1418 3392 1546 3465 Manet

153 3538 240 3587 vero
258 3511 410 3608 quaestio
428 3509 474 3582 de
492 3510 586 3607 agris
604 3533 706 3604 quos,
724 3523 885 3607 tempore
914 3533 1023 3606 supra
1047 3507 1146 3581 dieto
1164 3507 1388 3594 decurrente,
1406 3535 1546 3609 eompa-

152 3642 322 3705 raverant
338 3629 480 3727 privati.
534 3631 686 3703 Minime
708 3632 790 3727 jure
808 3631 943 3704 factum
967 3629 1178 3728 pronuntiat
1200 3643 1444 3727 proventuum
1468 3633 1545 3706 illo·

152 3775 233 3826 rum
250 3760 388 3848 partem
408 3749 565 3844 aliquam
588 3774 637 3822 ex
664 3750 933 3848 possidentibus
954 3749 1065 3823 fuisse
1084 3763 1249 3823 exactam
1267 3750 1331 3846 qui
1348 3749 1480 3826 fundos
1498 3755 1544 3827 ab

194 4033 280 4093 ‘Scit
292 4031 410 4108 Ulpian.
431 4030 548 4090 Scaevol.
568 4031 719 4108 Papinian.
741 4032 825 4090 citati
876 4031 1056 4108 quiaproprie
1065 4030 1191 4088 dmaiaus
1200 4030 1271 4088 dots
1281 4031 1437 4106 dririposu't.
1460 4033 1544 4090 Hane

152 4133 182 4190 in
195 4133 272 4191 libro
279 4132 379 4189 Pitisc.
388 4131 481 4188 Laio.
490 4130 602 4207 Aratiqq.
614 4139 675 4186 tn.
688 4149 716 4206 p.
726 4128 772 4193 72.
782 4132 822 4201 b.‚
872 4132 956 4190 litem
969 4149 1027 4187 non
1042 4129 1157 4187 dirimit
1170 4131 1218 4187 Pr.
1233 4128 1282 4187 sed
1297 4139 1415 4188 tantum
1428 4129 1483 4189 hoe
1495 4132 1544 4208 ju·

152 4233 327 4310 subjiciente
347 4231 411 4288 viro
437 4230 520 4288 erud.
540 4241 570 4288 et
591 4230 622 4287 in
645 4249 678 4287 re
698 4229 827 4305 juridica
874 4230 934 4298 bet,
948 4239 985 4287 ut
1004 4227 1192 4305 protopraxia
1204 4227 1379 4287 feminarum
1395 4229 1443 4299 sit,
1457 4247 1490 4288 aa
1509 4229 1545 4286 ad

151 4331 348 4392 versatissimo
361 4330 424 4408 ipso
436 4329 625 4406 difficillimam
638 4347 691 4388 essa
696 4329 826 4402 judicare
874 4329 962 4392 finem
976 4327 1125 4406 perducta.

808 4425 826 4488 2
844 4443 865 4488 u
882 4425 901 4488 2
