3994 5244
133 551 366 632 marmoream]
746 543 911 611 PHILAE.
1451 555 1513 618 207

134 735 372 842 προσκύνημα
391 733 552 838 ἐποίησα
570 733 834 819 Ἀπολλωνίου
853 740 914 820 καὶ
932 739 1152 841 Διονυσίου,
1171 739 1415 852 Ἐπιφανίων,
1439 753 1513 826 τῶν

135 874 219 971 ἐμῶν
247 867 497 967 Ἐπιστοτῶν,
521 867 581 950 καὶ
615 875 688 951 τῶν
718 869 860 952 τούτων
882 871 1020 954 τέκνων
1048 877 1109 956 καὶ
1137 883 1322 978 γυναικῶν
1350 881 1411 958 καὶ
1439 885 1512 959 τῶν

478 1002 665 1108 ἡμετέρων
682 1000 848 1084 πάντων·
873 997 1010 1090 Ἕτουο
1029 1039 1063 1086 κ.
1077 1039 1111 1085 τ.
1124 1015 1163 1085 λ.

197 1231 387 1328 Descripta
417 1229 463 1303 de
495 1253 599 1302 muro
622 1227 898 1303 columnationis
926 1253 1007 1325 quse
1032 1229 1079 1304 ab
1105 1229 1257 1302 aedieula
1279 1231 1509 1306 meridionali

135 1350 190 1446 (of.
206 1374 341 1449 argum.
366 1375 398 1422 n.
414 1369 556 1423 eccm.
569 1345 625 1446 f.)
643 1346 867 1445 propylaeum
886 1371 1013 1421 versus
1031 1348 1158 1446 templi
1182 1348 1385 1446 grandioris
1403 1353 1509 1426 Isiaoi

131 1485 285 1567 porrecta
300 1480 364 1542 est
408 1466 722 1541 Commemoratur
730 1487 966 1562 proscynema
978 1464 1223 1554 Theomnasti,
1235 1465 1300 1540 filii
1312 1468 1508 1554 Ptolemaei,

133 1590 277 1689 Strategi
296 1585 485 1670 Philensia
504 1584 551 1658 ad
568 1583 702 1657 Isidem
722 1583 882 1679 deosque
896 1582 1011 1656 Abati
1028 1583 1162 1658 suetum
1180 1609 1248 1682 pro
1266 1609 1303 1658 se
1321 1597 1358 1660 et
1375 1588 1508 1682 libetis,

131 1709 298 1806 adjunctis
317 1703 488 1804 Epistatis
505 1703 583 1799 ejus
603 1702 803 1800 Apollonio
829 1715 866 1774 et
891 1703 1069 1800 Dionysio
1086 1729 1169 1778 oum
1194 1705 1295 1802 prole
1321 1730 1445 1780 eorum
1472 1723 1509 1781 et

130 1828 304 1901 uxoribus.
366 1820 525 1915 Deinde,
554 1846 603 1894 ex
637 1821 793 1894 sormula
820 1821 970 1908 solenni,
1001 1837 1155 1918 sequuta
1183 1836 1239 1896 est
1271 1837 1356 1898 aetas
1391 1827 1507 1918 tituli3

129 1966 249 2026 cuncta
274 1973 361 2024 vero
386 1959 469 2046 post
494 1946 625 2043 siglum
653 1954 676 2019 Ι,
702 1933 958 2042 (λυκάβαντος
974 1946 996 2018 i.
1014 1970 1046 2020 e.
1066 1937 1189 2044 ἔτους)
1208 1947 1432 2044 effluxerant,
1450 1955 1509 2026 vel

128 2073 248 2171 potius,
261 2083 439 2168 quatenus
466 2067 671 2141 discernere
698 2066 811 2162 potui,
828 2067 1007 2164 scalprum
1034 2067 1204 2141 malevoli
1221 2069 1407 2166 cujusdam
1433 2097 1508 2145 sen-

129 2205 245 2266 serant.
281 2187 387 2267 Coei.
403 2211 520 2286 supra,
531 2208 629 2262 cocn.
646 2188 678 2258 7.
698 2187 730 2260 8.
748 2199 787 2260 et
802 2187 839 2258 in
854 2186 987 2260 Fascio.
1002 2207 1038 2259 11.
1053 2186 1122 2260 tiu.
1137 2209 1240 2262 xnrv.
1256 2193 1287 2260 1.
1303 2191 1338 2260 4.
1357 2211 1457 2262 xnvr.
1471 2194 1505 2262 5.

129 2313 296 2410 Supplere
312 2309 430 2408 possis
448 2316 495 2382 Ι..
507 2363 554 2380 ..
565 2308 1096 2386 ΚΟΜΜΟΔΟΥΚΑΙΟΑΡΟΟ,
1115 2329 1196 2402 quae
1213 2329 1296 2379 oum
1314 2306 1506 2380 intervallo

127 2445 201 2529 post
215 2439 322 2506 ΤωΝ
352 2429 438 2503 satis
462 2425 649 2524 quadrant
676 2424 747 2498 nisi
773 2422 819 2496 de
840 2421 937 2516 Caio,
954 2423 1101 2516 Neroua,
1118 2423 1332 2513 Domitiano,
1350 2427 1506 2524 cogitan-

127 2552 203 2626 dmn
240 2563 357 2652 putes.
427 2546 527 2622 Illud
555 2569 644 2620 vero
670 2544 903 2642 praetulerim
931 2556 1080 2642 propter
1110 2545 1193 2620 odia
1225 2546 1262 2618 in
1292 2545 1503 2620 defunctum

126 2674 275 2759 Petrum,
293 2667 438 2767 Populi,
455 2668 566 2742 totius
583 2665 682 2739 orbis
700 2665 873 2738 Romani.

192 2794 233 2864 In
249 2817 285 2865 v.
308 2794 338 2862 1.
364 2801 515 2862 vocatur
534 2787 800 2861 Theomnestus
816 2784 1000 2885 Strataque
1016 2785 1227 2860 Plilarum:
1258 2787 1328 2862 hoo
1354 2787 1503 2864 sortasse

125 2912 167 2984 ob
176 2911 414 3008 prostantium
425 2907 507 2994 loci,
518 2931 601 2981 nom
610 2905 856 3003 jurisdictioni
870 2907 1029 2982 Ombitae
1043 2906 1181 2980 subditi
1193 2921 1296 2981 erant
1307 2907 1502 2983 Philenses.

125 3031 163 3103 ln
180 3057 212 3104 v.
230 3035 262 3105 2.
292 3031 360 3104 Isis
383 3043 439 3103 est
455 3025 723 3112 Multinominia
741 3026 876 3124 quippe
893 3027 1174 3124 appellationum
1193 3052 1382 3102 numerum
1402 3053 1503 3127 paene

123 3155 293 3230 infinitum
311 3155 447 3240 sortita,
465 3153 570 3250 eujus
595 3153 771 3227 rationem
798 3150 917 3224 adfert
938 3150 1137 3226 Plutarch.⁸
1163 3141 1235 3225 ὑπὸ
1254 3152 1328 3225 τῶν
1346 3155 1503 3228 πολλῶν

126 3273 363 3378 Μυριῶνυμος
396 3269 585 3372 κέκληται,
617 3267 679 3350 διὰ
717 3265 760 3350 τὸ
791 3265 919 3354 πάσας
948 3265 1020 3350 ὑπὸ
1050 3276 1117 3350 τοῦ
1145 3265 1265 3372 λόγου
1293 3273 1501 3375 τρεπομένη

122 3395 270 3505 μομφὰν
288 3396 467 3501 δέχεσθαι
486 3397 546 3476 καὶ
566 3393 677 3480 ἰδέας.
743 3403 818 3476 Ηίο
841 3398 876 3472 οἱ
895 3395 1047 3487 πολλοί,
1071 3403 1167 3474 inter
1183 3414 1332 3488 ceteros,
1351 3418 1435 3476 sunt
1451 3407 1503 3476 in·

124 3525 347 3622 scriptionum
365 3521 581 3606 conditores,
600 3519 698 3618 apud
715 3545 806 3617 quos
822 3519 1018 3618 appellatio
1043 3520 1180 3615 ubique
1198 3520 1307 3595 obvia
1328 3534 1391 3596 est.
1444 3527 1500 3598 De

123 3657 227 3733 Abato
237 3658 275 3730 in
285 3679 318 3728 v.
335 3661 370 3727 3.
382 3665 489 3728 antea
499 3653 637 3726 dictum
651 3651 916 3727 estedoconnr.
925 3675 957 3724 e.
970 3653 1005 3724 6.
1038 3638 1255 3731 Θεοὺοτοὺς
1267 3646 1307 3724 ἐν
1329 3651 1402 3742 Ad.
1413 3669 1500 3752 puto

156 3919 248 3978 'Vide
257 3921 343 3979 Dion.
355 3935 464 3978 annu
478 3919 581 3978 ainis
829 3911 993 3984 mmo).
1012 3913 1048 3974 de
1071 3915 1181 3992 quibua
1207 3916 1291 3974 adeas
1318 3917 1455 3977 Letronn.
1480 3938 1499 3978 1.

155 4019 215 4078 'De
229 4019 312 4088 Iside,
328 4027 383 4078 eto.
398 4035 460 4076 unt.
474 4019 539 4077 init.
579 4016 779 4075 Illustrantet
827 4033 856 4092 p.
871 4016 937 4075 434.
980 4016 1119 4074 Ceterum
1140 4035 1177 4074 ex
1198 4016 1326 4093 Apuleio
1339 4019 1499 4078 versionem

122 4113 197 4195 §tm
211 4135 311 4178 xxvn.
327 4135 377 4176 nn.
392 4133 454 4175 nvn
475 4127 506 4176 et
525 4117 618 4194 Apul
638 4115 670 4174 in
688 4117 778 4174 Metu
828 4113 1037 4172 Mudiuomlnie
1049 4115 1153 4191 aesopi.

122 4217 212 4293 morpl-
239 4235 282 4277 xi.
303 4237 332 4296 p.
350 4217 417 4281 257.
445 4217 511 4294 Bip.
532 4215 607 4274 Obv.
629 4213 661 4272 in
688 4213 778 4270 titulo
867 4213 1500 4296 ⁸Hinoqupipr-.Adesp.271.''1ealaug·

122 4313 217 4376 Montis
233 4315 420 4395 Porphyritoe
437 4317 527 4374 verba
544 4321 778 4373 e101n1.mrr1·
829 4313 937 4389 ποτέος,
949 4314 1121 4394 παχυμίτοςι,
1135 4311 1308 4392 μυμομίςφμ.

754 4411 847 4476 dod
