3994 5242
138 536 244 582 rusco.
261 521 405 602 corum]
679 513 744 580 AN
747 513 1021 580 TIPHELLUS.
1497 519 1538 581 25

138 704 184 777 ad
210 705 327 778 instar
353 702 542 778 Shemitioi
566 702 647 776 Vna
664 703 725 776 vel
746 701 859 776 Waw.
916 703 1002 775 Hoc
1027 726 1115 774 vero
1141 703 1365 776 constantius
1390 702 1536 790 factum,

139 829 240 926 quod
251 843 290 903 et
301 829 422 906 Graeci
434 827 697 924 quadamtenus
709 828 748 900 in
759 827 831 900 fine
845 852 976 901 vocum
995 852 1061 924 per
1078 827 1285 901 encliticrun
1304 853 1408 901 suum
1427 857 1481 903 τε.

213 953 426 1028 Notandum
450 965 506 1026 est
527 965 610 1050 post
626 954 919 1050 conjunctionem
937 953 1082 1028 reddasne
1100 954 1137 1025 in
1154 954 1297 1052 plurali,
1317 979 1364 1028 sc.
1384 945 1538 1042 τέκνοις,

141 1088 367 1173 quapropter
391 1099 409 1149 e
433 1073 473 1146 in
500 1071 572 1145 fine
597 1071 707 1172 (conf.
735 1097 768 1144 v.
788 1071 845 1168 2.)
873 1073 1006 1145 mutari
1031 1073 1069 1144 in
1092 1079 1121 1166 d,
1147 1085 1184 1146 et
1212 1099 1411 1171 pronomen
1436 1079 1541 1149 eicior

143 1195 274 1292 (ibid.)
293 1195 427 1268 habere
444 1200 478 1268 te
495 1193 714 1290 adjunctum.
767 1193 949 1291 Analogia
966 1193 1131 1288 quaedam
1155 1193 1216 1268 hic
1237 1195 1438 1292 percipitur
1455 1219 1539 1268 cum

140 1317 352 1389 nominibus
369 1315 562 1388 Hebraicis
579 1315 616 1387 in
634 1313 809 1412 regimine
830 1313 949 1411 (quod
971 1313 1118 1412 dicunt)
1138 1315 1275 1412 positis,
1293 1327 1330 1388 et
1352 1339 1436 1388 cum
1453 1316 1540 1388 clas-

141 1437 235 1530 sicis,
254 1459 410 1532 quorum
429 1435 520 1508 recti
538 1433 737 1532 singulares
755 1433 961 1506 desinentes
978 1434 1017 1506 in
1034 1459 1057 1506 a
1075 1432 1168 1506 fiunt
1184 1435 1222 1506 in
1240 1433 1372 1531 plurali
1388 1461 1425 1508 oe.

215 1565 288 1636 XI.
315 1560 412 1638 State
441 1559 521 1660 (vel
545 1559 674 1658 elene)
700 1559 898 1656 respondet
920 1559 1125 1632 luculenter
1142 1560 1281 1636 Graecis
1309 1550 1372 1632 ἐὰν
1403 1551 1447 1632 δέ
1471 1587 1538 1648 τις,

142 1688 242 1784 atqui
266 1711 348 1760 cum
375 1685 672 1782 interpretatione
697 1683 847 1769 laxiore,
873 1707 985 1780 quum
1011 1683 1071 1756 sle
1087 1683 1206 1756 valeat
1231 1676 1305 1773 καί,
1330 1695 1372 1756 ut
1391 1685 1541 1779 jamjam

142 1807 291 1882 dictum.
321 1807 528 1881 ·Verterim
554 1807 708 1904 proinde
735 1806 781 1879 ad
807 1807 976 1899 litteram,
994 1805 1245 1906 etquicunque,
1264 1805 1324 1878 vel
1349 1805 1542 1905 quicunque

142 1955 228 2016 vno,
241 1954 327 2003 nam
341 1931 459 2003 varios
477 1953 603 2003 sensus
619 1929 760 2002 voculae
772 1929 841 2016 ste,
860 1942 902 2002 ut
921 1927 1128 2004 Shemiticae
1149 1927 1231 2000 Van
1248 1927 1287 1999 in
1303 1926 1540 1999 collocatione

143 2053 361 2152 supradicta,
391 2055 599 2152 excogitare
628 2053 723 2140 licet,
755 2053 828 2126 scil.
858 2045 931 2141 καί,
952 2043 1004 2141 δέ,
1024 2042 1060 2143 ἥ.
1115 2051 1176 2127 Sic
1203 2049 1298 2124 infra
1326 2050 1540 2136 skeeddrecld

142 2179 242 2278 quod
259 2181 466 2277 exprimere
484 2179 654 2252 videntur
668 2178 798 2254 Graeca
814 2164 837 2269 ἢ
858 2169 982 2276 ἑτέρῳ,
1002 2176 1062 2248 vel
1079 2161 1103 2269 ἢ
1123 2167 1245 2274 ἄλλῳ,
1266 2169 1350 2248 τινί.

220 2301 392 2376 Occurrit
424 2312 589 2373 nostrum
618 2299 731 2373 steen
757 2299 796 2370 in
824 2297 932 2370 variis
967 2295 1242 2370 Fellowsianis⁶.
1313 2295 1538 2392 Compositio

144 2419 333 2494 manifesta
356 2433 412 2493 est
433 2427 470 2494 st
490 2419 569 2517 (vel
585 2418 665 2517 sle)
684 2425 743 2512 ele,
761 2441 916 2514 quorum
941 2417 1013 2490 hoc
1038 2415 1307 2516 agnoscendum
1327 2415 1472 2488 videtur
1502 2416 1539 2487 in

144 2539 215 2614 fine
233 2537 433 2637 supradicti
451 2539 665 2614 standene.

219 2663 312 2735 XII.
344 2661 633 2736 Teedetelcumutu.
685 2659 849 2734 Videtur
864 2659 935 2736 boc
951 2685 1151 2761 congruere
1166 2663 1305 2739 Graecis
1323 2652 1484 2761 ἀδικήσῃ
1505 2655 1539 2755 ἤ.

147 2781 286 2857 Ordine
303 2783 477 2856 continuo
494 2783 716 2879 insculptum
733 2794 789 2855 est
815 2781 853 2854 in
880 2783 1113 2870 monimento
1132 2783 1232 2878 quod
1254 2797 1384 2870 tamen,
1406 2784 1436 2856 si
1453 2808 1539 2856 vera

146 2917 304 2992 autum0,
322 2903 495 2978 trifariam
513 2903 792 3002 dispescendum
818 2916 874 2978 est
898 2905 945 2978 ad
970 2904 1068 2978 huno
1085 2905 1244 2990 modum,
1263 2904 1385 2980 selden
1403 2932 1411 2976 :
1427 2904 1539 2976 Icum:

146 3039 217 3110 uta,
236 3025 283 3098 de
301 3025 433 3120 quibus
451 3025 659 3123 singillatim
677 3026 903 3100 disseremus

222 3147 385 3222 Videtur
401 3153 439 3221 in
457 3151 581 3248 primis
598 3149 787 3224 manifesta
810 3151 975 3249 analogia
995 3175 1073 3224 esse
1096 3150 1192 3223 inter
1217 3149 1336 3225 teedm
1360 3163 1398 3222 et
1422 3142 1542 3242 τίθητι

149 3265 326 3374 (τίθησι),
352 3275 452 3372 quod
476 3299 625 3373 prorsus
642 3276 813 3350 convenit
830 3275 962 3374 origini
980 3274 1149 3348 Zendioae
1169 3275 1258 3374 (hoo
1275 3289 1339 3361 est,
1360 3273 1543 3348 Shanscri·

147 3397 247 3494 ticae)
266 3397 377 3495 hujus
404 3398 546 3497 linguae.
599 3399 767 3472 Verbum
793 3399 913 3495 ipsum
944 3397 1163 3493 conjecerim
1187 3395 1298 3469 fuisse
1316 3393 1466 3478 redemi,
1484 3391 1543 3464 vel

145 3519 307 3594 fortassis
324 3521 455 3597 tederni.
508 3521 606 3614 Quin
633 3522 741 3594 etiam
767 3521 968 3619 analogiam
989 3517 1222 3618 conspexeris
1240 3541 1323 3589 cum
1344 3511 1543 3588 Shemitico

149 3641 232 3740 Πζῐζ,
249 3667 379 3716 manus
396 3641 559 3728 admovit,
577 3667 717 3738 nempe,
735 3641 879 3738 injuriae
895 3640 1081 3739 patrandae
1099 3663 1225 3731 oausa;
1251 3637 1394 3737 disjecit.
1448 3635 1543 3710 Dein

147 3762 296 3836 obvium
321 3775 387 3856 est,
403 3761 442 3834 ni
466 3761 581 3849 fallor,
599 3761 685 3834 lcum
706 3761 745 3834 in
769 3761 858 3834 stela
875 3760 1060 3848 Xanthia,
1086 3760 1151 3833 ubi
1177 3755 1458 3854 comparandum
1489 3768 1544 3828 est

149 3887 351 3960 Arabicum
371 3871 416 4009 pi,
434 3886 604 3973 maldam,
623 3911 730 3959 sensu
754 3887 839 3959 satis
861 3911 1023 3984 congruo
1041 3910 1078 3959 se
1096 3883 1272 3982 prodente
1289 3881 1454 3955 mutilum
1471 3880 1544 3954 red·

147 4005 217 4093 dat,
234 4007 297 4080 vel
312 4031 440 4081 maaus
456 4007 507 4080 ad
529 4003 766 4080 mutuandum
783 4003 924 4104 injiciat.
978 4001 1088 4096 Quod
1110 4001 1188 4074 haee
1205 4001 1352 4096 excipit,
1370 4012 1441 4085 utu,
1459 4022 1543 4071 eun·

186 4200 296 4262 ‘Confi
324 4201 420 4261 volu
446 4222 474 4280 p.
493 4203 560 4262 225.
583 4221 611 4258 n.
631 4204 656 4270 l,
678 4198 706 4264 7.
734 4207 764 4258 et
787 4215 816 4258 u.
907 4197 1012 4256 ‘Vide
1032 4197 1084 4256 col.
1099 4215 1141 4255 ur.
1161 4216 1189 4254 v.
1203 4201 1250 4255 22.
1265 4207 1295 4256 et
1315 4199 1436 4256 fortasse
1454 4215 1543 4274 agno-

150 4319 176 4358 n.
193 4304 235 4373 14,
250 4307 278 4362 2
870 4297 1009 4356 scendum
1022 4297 1111 4356 estin
1126 4313 1156 4355 u.
1171 4315 1199 4353 v.
1209 4293 1256 4356 64.
