3994 5244
464 541 526 607 246
866 537 1222 608 INSORIPTIONES
1244 539 1440 607 GRAECAE.
1578 541 1700 629 [meon.
1714 561 1885 609 ccccxxv.

688 723 874 832 Ἐχθοίσᾳ
893 721 924 805 τ’
946 724 1041 830 αὐτᾷ
1062 722 1169 825 θήϊον
1188 715 1285 828 οἷχον
1305 725 1355 829 ἰῇ,

634 852 702 955 Μὴ
722 855 782 936 καὶ
802 861 865 936 τοῖ
880 849 1071 939 Βασιλεὺς·
1091 853 1243 960 κοτέοῃ,
1265 857 1325 934 καὶ
1345 851 1462 959 δαρὸν
1482 855 1566 935 ὀνία

690 986 772 1068 Τὰν
791 985 935 1088 σεμνὰν
954 986 1092 1093 κατέχῃ
1111 985 1302 1091 κουριδίαν
1322 987 1480 1093 ἄλοχον,

636 1123 702 1200 Κώ
723 1121 888 1222 Μέμνων
907 1120 1090 1225 τρέσσαιο
1108 1117 1282 1222 μεγάλως
1300 1119 1411 1220 μένος
1431 1119 1688 1224 ὀργισθέντων

531 1265 577 1336 10
688 1251 894 1360 Ἐξαπένας
913 1254 1051 1335 αὕδασ’
1072 1249 1154 1352 ἁδὺ,
1176 1259 1276 1339 σιοῖο
1294 1288 1334 1334 τε
1353 1250 1465 1360 χάρη.

819 1447 1462 1518 ΟΤΕΤΗΠΡωΤΗΗΜΕΡΑΟΥΚΗ

821 1567 1483 1638 ΚΟΥΟΑΜΕΝΤΟΥΜΕΜΝΟΝΟΟ

643 1689 963 1760 ΧΘΙΟΔΟΝΜΑΝ
982 1741 1214 1758 ........
1230 1689 1520 1760 ΜΕΜΝΟΝΟΟ

693 1807 1469 1878 ΟΟΠΑΛΙΝΑΛΛΟΤΡΙΟΟΒΑΞΙΝΑΝΑΥ.
1485 1807 1553 1877 OC

569 1929 590 1995 5
645 1928 1553 2000 neucetsneceffemomssscmeunoo.
1574 1975 1584 1996 .
1605 1929 1684 1999 ,ΜΙ

693 2049 957 2120 ΕΧΘΟΙΟΑΤ.
978 2049 1436 2121 ,ΤΑΙΘΗΙΟΝΑΧΟΝΙΗΙ

644 2169 1248 2239 ΜΗΚΑΙΤΟΙΒΑΟΙΛΕΥΟΚΟΤΕ
1262 2221 1280 2235 .
1297 2219 1315 2236 .
1332 2220 1350 2236 .
1365 2165 1602 2236 ΚΑΙΔΑΡΟΝ

691 2288 1655 2359 ΤΑΝΟΕΜΝΑΝΚΑΤΕΧΗΙΚΟΥΡΙΔΙΑΝΑΛΟΧΟΝ

645 2408 1600 2480 enimeninwNTPeccAtcttersnwcmenoc

548 2531 594 2602 10
697 2533 1362 2605 ΕΞΑΙῚΙΝΑΟΑΥΔΑΟΑΔΥΟΙΟΙΟ.
1383 2583 1392 2602 .
1410 2536 1530 2604 ΧΑΡΗ

543 2700 735 2797 Descripta
752 2701 798 2774 de
816 2713 917 2797 parte
934 2699 1084 2774 inferius
1099 2703 1244 2797 Jacente
1262 2699 1397 2772 sinistn'
1414 2699 1540 2772 cruris.
1586 2699 1720 2794 Liquet
1734 2721 1787 2771 ex
1801 2699 1871 2772 hoc

469 2821 576 2894 titulo
594 2821 827 2892 Memnonem
845 2819 956 2892 fuisse
976 2819 1118 2916 generis
1137 2819 1193 2893 sui
1209 2819 1411 2916 praestantis
1424 2817 1523 2892 heud
1540 2817 1684 2914 penitus
1698 2817 1869 2904 oblitum,

469 2942 533 3036 qui
554 2940 614 3013 vel
639 2964 760 3013 coram
780 2939 1014 3037 Imperatrice
1033 2939 1235 3014 obmutuit:
1265 2940 1399 3038 quade
1422 2965 1532 3014 causa
1606 2933 1656 3014 Εἴ
1672 2933 1703 3016 τ’
1724 2935 1789 3040 ἄρ’
1813 2935 1868 3039 ὅγ’

469 3059 637 3164 εὐχωλῆς
661 3055 908 3164 ἐπεμέμφετο,
928 3055 1012 3137 εἴθ
1034 3055 1305 3160 ἑκατόμβης
1321 3067 1404 3140 silet
1428 3067 1714 3166 stichographus.
1769 3073 1869 3145 Dein

469 3192 603 3264 iterum
623 3188 841 3262 adeuntibus
858 3187 1108 3261 salutationem
1128 3213 1212 3262 eum
1230 3189 1398 3262 abnuisse
1415 3188 1587 3286 colligere
1605 3189 1691 3262 licet
1708 3215 1758 3263 ex
1777 3216 1816 3264 v,
1832 3196 1866 3264 4.

474 3313 595 3407 (metr.
609 3309 677 3406 2.),
696 3334 814 3406 neque
833 3334 960 3382 vocem
977 3308 1134 3382 edidisse
1149 3309 1265 3383 donec
1282 3335 1303 3382 ο
1319 3310 1520 3384 visentibus
1538 3311 1764 3384 admonitum
1778 3313 1868 3408 quid

456 3437 586 3533 furens
593 3431 734 3531 femina
748 3431 871 3532 possit,
889 3431 1084 3506 accedente
1103 3446 1140 3506 et
1158 3433 1272 3528 ipsius
1286 3431 1465 3505 Hadriani
1479 3433 1688 3506 reverentie

546 3553 686 3650 Opinor
702 3551 800 3626 hunc
817 3553 965 3626 titulum
989 3553 1100 3626 fuisse
1124 3553 1345 3651 insculptum
1362 3552 1465 3627 tertia
1482 3551 1563 3626 die:
1585 3552 1708 3652 μήτινα
1725 3565 1807 3626 erat
1830 3555 1866 3626 in

469 3701 541 3770 qua
557 3697 704 3771 prorsus
722 3687 984 3770 compresserat
999 3699 1127 3748 vocem
1145 3675 1321 3748 Memnon
1336 3674 1469 3771 (ecord.
1486 3677 1516 3746 1.
1535 3676 1604 3771 2.):
1636 3675 1802 3762 secunda,
1820 3676 1865 3748 de

469 3820 541 3891 qua
553 3796 592 3868 in
606 3796 741 3868 metric.
759 3799 789 3868 1.
802 3799 845 3884 2.,
859 3820 971 3893 quum
985 3811 1108 3871 mutus
1126 3798 1294 3894 primum,
1307 3795 1441 3870 deinde
1454 3795 1624 3893 precibus
1641 3795 1864 3870 advenarum

469 3917 581 3990 cessit
621 3941 678 3988 vv.
698 3919 729 3989 9.
749 3941 774 3989 s,
799 3972 806 3987 .

546 3917 710 4111 Oniisere
725 3916 881 4109 Podock.
902 4035 1087 4132 ceterique
1106 4059 1230 4109 omnes
1248 4047 1332 4109 ante
1348 4033 1511 4120 Saluum,
1529 4059 1578 4108 ex
1594 4035 1701 4131 cujus
1719 4033 1864 4108 schedis

470 4153 586 4227 edidit
604 4151 854 4226 Letronnius'.
907 4153 1072 4226 Lacunas
1087 4177 1160 4226 non
1177 4153 1308 4246 miror;
1336 4151 1561 4250 diligentiam
1573 4151 1695 4250 potius
1706 4153 1746 4226 in
1758 4153 1864 4228 titulo

864 4351 880 4374 '
892 4341 936 4399 Cf.
946 4339 1017 4400 Aen.
1026 4343 1080 4401 ubi
1094 4361 1193 4421 supra,
1206 4361 1234 4420 p.
1247 4345 1293 4408 29.
1307 4361 1335 4400 n.
1347 4357 1433 4398 xxnt
1445 4338 1493 4400 64.
