3994 5244
115 563 211 610 rusca.
227 550 395 630 cocum]
718 545 901 611 THEBAE.
1439 547 1501 610 231

114 733 246 806 senario
264 733 335 806 rite
352 733 551 806 constituto
570 734 733 831 accipere
750 735 864 831 possis
883 747 938 809 est
954 758 987 807 v.
1002 738 1035 807 5.
1071 735 1270 808 Tentemus
1283 757 1370 808 vero
1384 756 1504 806 annon

114 853 278 950 possibile
303 853 360 940 sit,
387 854 537 928 retentis
563 853 661 927 tituli
678 855 809 948 verbis,
834 853 1096 930 ordinationem
1124 856 1237 954 magis
1262 853 1502 953 rhythmicam

115 997 332 1072 proponere:
390 1043 392 1052 ,

478 1090 578 1176 Κέλερ
594 1089 772 1178 στρατηγὸς
787 1087 892 1158 ἐνθαδὶ
907 1099 1022 1176 παρῆν,
1039 1087 1127 1174 (θεοῦ

477 1201 647 1280 Μέμνονος
661 1196 758 1274 ἆΰτῆς
772 1197 837 1284 οὐχ
852 1199 940 1274 ὅπως
955 1197 1128 1272 ἀκούσεται,

472 1304 571 1393 Ἀὕτῇ
583 1303 645 1392 γὰρ
660 1308 699 1392 τῇ
712 1309 776 1371 τῶν
791 1307 942 1386 κωμητῶν
957 1303 1105 1391 spumosa)

475 1420 586 1499 Παρῆν
602 1411 731 1499 θεωρός,
747 1416 979 1500 προσκυνήσων
994 1417 1044 1479 καὶ
1058 1410 1146 1478 λίαν·
1179 1462 1181 1466 .

475 1521 612 1602 Μέμνων
627 1516 654 1584 δ’
671 1517 820 1604 ἐπιγνοὺς
836 1513 928 1584 οὐδὲν
941 1513 1166 1604 εἘεφθέγξατο·

475 1624 574 1710 Κέλερ
590 1622 617 1692 δ’
631 1624 721 1703 ἇπῆει
736 1624 782 1712 ἐφ’
796 1623 816 1690 ἃ
831 1624 930 1692 πάλιν
944 1634 1058 1711 παρῆν·
1077 1629 1166 1709 ὁμιιῖς

473 1733 581 1807 Μέσας
596 1727 768 1808 διαστήσας
782 1728 829 1798 ὅδ’
844 1732 960 1818 ἡμέρας
975 1729 1032 1799 δύο

466 1836 625 1903 Ἤκουσεν
638 1833 743 1902 ἐλθὼν
759 1831 819 1902 ὦδε
832 1833 890 1901 τᾶν
903 1844 1006 1921 γῆρυν
1022 1831 1103 1900 θεοῦ.

115 2061 301 2158 Ignoscarm
318 2085 409 2159 rogo
425 2061 596 2159 legentes,
614 2061 774 2134 materiae
790 2083 892 2158 paene
909 2059 1146 2134 intractabilis
1164 2059 1363 2134 recordati!
1393 2063 1502 2136 Nunc

116 2180 156 2254 de
172 2181 321 2282 exegesi
339 2207 462 2280 pauca

183 2305 436 2380 Homericum*
449 2317 505 2379 est
521 2307 559 2380 in
571 2331 607 2380 v.
623 2308 657 2380 3.
671 2305 764 2380 illud
781 2293 934 2401 ἐγκόνει,
953 2305 1054 2402 quod
1070 2304 1319 2404 accipiendum
1337 2330 1419 2380 reor
1436 2332 1502 2405 pro

116 2419 276 2516 ἐνεκόνει,
295 2454 367 2503 non
386 2424 539 2524 ἐγκονεῖ,
565 2429 695 2504 melius
714 2430 765 2504 sic
782 2441 970 2504 constante
987 2431 1126 2505 ratione
1143 2444 1358 2529 temporum.
1412 2434 1503 2508 Ver·

116 2549 214 2641 teris;
243 2551 421 2650 rumpebat
437 2575 519 2650 proe
534 2548 807 2628 resumentibus
822 2551 970 2628 morab.
1039 2553 1119 2628 Hos
1145 2576 1276 2626 censeo
1297 2550 1408 2625 fuisse
1437 2555 1502 2650 qui

114 2674 246 2752 νίοοιίυι
271 2677 481 2752 habitabant
508 2675 630 2750 sedem
649 2675 880 2762 Thebaicum,
905 2676 956 2750 sio
981 2674 1170 2750 illustratis
1196 2672 1400 2760 strabonis,
1419 2669 1503 2747 νυνὶ

116 2791 152 2870 δὲ
178 2791 349 2896 κωμηδὸν
378 2799 614 2889 σννοῐκεῖται,
637 2800 712 2874 scil.
733 2799 943 2874 Thebarum
970 2799 1084 2884 sedes,
1102 2811 1139 2873 et
1164 2799 1210 2872 de
1235 2799 1355 2874 Nomo
1381 2800 1500 2896 agitur

117 2919 289 2997 Thebaite
314 2924 418 3020 cujus
436 2922 604 2999 Celerem
633 2934 830 3021 strategum
860 2921 971 2996 fuisse
998 2920 1227 2996 crediderim.
1281 2918 1385 2996 Conf.
1404 2943 1500 3018 supr.

116 3067 263 3123 cocavn.
283 3073 315 3121 a.
336 3049 369 3121 7.
384 3059 422 3121 et
438 3060 511 3120 not.
555 3045 595 3122 si
610 3044 681 3120 hoc
698 3068 826 3118 verum
844 3044 899 3129 sit,
917 3043 1127 3141 exemplum
1145 3041 1244 3116 aliud
1263 3039 1328 3139 (cf.
1346 3041 1401 3114 tit.
1415 3065 1501 3139 prae-

115 3172 236 3267 gress.)
264 3171 444 3244 ministrat
470 3167 658 3266 inscriptio
684 3166 838 3240 Romani
864 3163 958 3238 illud
986 3163 1146 3238 muneris
1173 3162 1343 3262 gerentis,
1373 3161 1433 3234 cui
1460 3174 1502 3234 ut

117 3288 252 3364 obviam
279 3302 338 3370 eat
362 3288 509 3384 conjicit
526 3286 697 3362 Lemonia
717 3283 790 3358 dici
812 3285 851 3357 in
873 3283 908 3358 h.
930 3283 953 3356 l.
973 3295 1169 3380 strategmm
1194 3305 1261 3379 pro
1277 3280 1500 3380 epistratgo:

116 3409 172 3482 sed
188 3410 287 3486 σιὐιῚυ
302 3409 448 3484 videtur
470 3407 580 3481 fuisse
598 3405 754 3480 officium
774 3403 923 3481 Celeris.
976 3401 1155 3489 Profecto,
1177 3402 1262 3475 satis
1287 3425 1404 3474 causae
1426 3425 1499 3474 non

117 3529 215 3604 video
243 3555 353 3629 quare
384 3551 526 3626 semper
552 3537 590 3600 et
615 3527 654 3600 in
684 3525 852 3599 omnibus
885 3522 975 3596 locis
1002 3523 1151 3599 Graecos
1178 3521 1288 3596 fuisse
1323 3532 1501 3619 strategos

118 3659 325 3723 statuamus:
353 3645 464 3722 fuisse
490 3645 550 3733 ita,
576 3643 851 3742 utplurimum,
877 3667 951 3716 non
978 3666 1083 3740 nego.
1136 3639 1242 3716 Conf.
1263 3640 1392 3716 Ossen.
1419 3639 1500 3713 infr.

122 3787 281 3844 ccccm.
296 3769 328 3840 5.

184 3889 267 3962 Hoc
293 3885 415 3970 misso,
448 3897 584 3959 restare
618 3881 739 3956 adhuc
768 3880 885 3954 fateor
914 3878 1123 3976 scrupulum
1153 3877 1199 3952 de
1225 3878 1389 3952 versione
1416 3903 1449 3951 v.
1468 3886 1499 3953 3.

119 4008 228 4086 Possis
255 4023 293 4086 et
319 4009 366 4083 ad
392 4009 491 4082 hunc
521 4006 670 4081 modum
700 4005 930 4091 constituere,
962 3999 1002 4077 ἐν
1021 3992 1120 4077 κόνει
1143 3994 1217 4100 γὰρ
1242 3997 1334 4103 αὐτῇ
1360 3999 1500 4103 spireio

152 4240 255 4300 kconr.
273 4239 362 4298 aaa
386 4242 423 4296 ν.
443 4235 510 4297 oss.
542 4235 639 4311 odyss.
657 4231 686 4298 ι.
708 4235 775 4294 aso.
866 4231 872 4264 ¹
892 4225 1258 4306 vru.xv11,1.p.4sar.
1277 4207 1420 4310 papea«.
1435 4228 1501 4308 aar

118 4334 155 4406 *V-
168 4343 231 4406 291.
254 4339 335 4398 Hinc
347 4338 503 4411 ipsomr‘in
516 4337 596 4395 Nem.
610 4351 651 4393 111.
663 4331 710 4394 61.
825 4327 938 4410 Ἀραβίᾳ
952 4357 964 4371 ·
979 4357 991 4370 ·
1008 4357 1018 4369 ·
1033 4357 1045 4370 ·
1059 4329 1105 4385 ui
1120 4325 1141 4384 ir
1155 4329 1187 4406 τῇ
1199 4327 1302 4407 πιςιιίρ.

761 4429 780 4492 2
796 4447 816 4491 o
832 4429 852 4489 2
