4028 5258
494 537 555 600 334
885 531 1238 600 INSORIPTIONES
1261 531 1456 599 GRAEOAE.
1662 533 1881 618 [rusencnxv.

492 721 676 797 Verterim
691 719 784 806 ideo,
798 717 850 796 vel
865 719 1030 796 bonorum
1042 719 1117 819 ejus
1130 731 1259 817 partes,
1271 743 1353 815 quae
1369 717 1541 790 nimirum
1559 715 1687 789 debito
1705 715 1878 790 solvendo

493 840 679 914 sufficiant.
731 837 836 912 Alibi
855 837 921 938 (cf.
941 861 1069 914 onxrv,
1084 863 1113 910 α
1127 839 1187 910 28.
1207 837 1288 922 30.)
1308 838 1422 934 magis
1439 835 1591 910 definite
1615 849 1801 933 ponuntur
1817 860 1880 933 pro

492 990 531 1038 re
555 977 648 1038 neta.
702 964 810 1057 Quod
828 964 991 1062 sequitur
1007 964 1116 1062 paulo
1134 975 1226 1060 post,
1245 954 1423 1060 κατέχειν,
1440 973 1496 1036 est
1512 961 1736 1063 oppipiierota
1755 965 1879 1050 ααόαι,

491 1089 689 1164 secundum
704 1113 848 1162 sensum
860 1089 1059 1186 simplicem
1072 1087 1233 1184 tenendi.
1284 1087 1477 1182 Nimirum,
1494 1087 1656 1185 pignoris
1669 1077 1879 1186 (ἐνεχύρων)

490 1219 572 1291 loeo
602 1217 744 1290 stabant
772 1207 866 1312 με’ρη
895 1213 969 1288 τῶν
998 1202 1251 1310 ὑπαρχόντων,
1277 1212 1419 1300 etheo,
1446 1225 1489 1288 ut
1513 1213 1617 1286 fieret
1645 1214 1827 1288 restitutio
1852 1213 1879 1286 si

491 1339 572 1435 quis
604 1337 677 1409 vim
712 1335 1034 1433 spoliationemque
1061 1333 1240 1405 bonorum
1267 1331 1313 1403 ab
1338 1330 1512 1428 injurioso
1546 1332 1749 1430 acceperit:
1788 1355 1879 1404 nem-

491 1489 562 1562 que
585 1461 733 1536 additur
756 1450 852 1558 npbs
872 1449 1072 1558 ὀφείλημα.
1126 1459 1209 1530 Ηοα
1235 1470 1341 1554 poeto
1366 1482 1450 1530 oum
1476 1459 1682 1556 praegressis
1708 1460 1801 1534 bene
1826 1483 1878 1532 oo-

491 1587 605 1660 haeret
633 1583 804 1684 periodus
833 1572 972 1656 κελεύω
1004 1575 1070 1655 οὖν
1101 1609 1134 1654 κ.
1162 1584 1201 1652 λ.
1234 1606 1327 1678 supr.
1359 1584 1419 1654 21.
1447 1607 1475 1655 s.
1529 1583 1625 1656 Dein
1655 1582 1879 1680 expediendo

490 1714 643 1786 veniunt
668 1735 750 1806 quae
766 1710 804 1782 in
821 1708 892 1782 fine
910 1708 1019 1804 hujus
1036 1731 1162 1780 versus
1188 1707 1469 1802 subsequuntur,
1493 1706 1571 1780 soil.
1593 1695 1777 1800 ὀνόματος
1796 1734 1876 1779 κατ-

491 1828 715 1935 εσχημένον,
729 1822 972 1931 ὑπαρχόντων
987 1823 1257 1929 κρατουμένων.
1298 1829 1528 1906 Crediderim
1545 1831 1623 1905 haeo
1640 1833 1818 1928 respicere
1835 1830 1877 1903 ed

490 1957 739 2056 obstringendi
752 1967 871 2029 aetum
886 1978 951 2051 per
960 1955 1103 2053 pipnos,
1114 1953 1176 2026 illa
1187 1977 1253 2050 per
1263 1951 1495 2053 hypothecam,
1505 1965 1614 2050 prout
1627 1953 1673 2026 de
1687 1953 1877 2027 mobilibus

489 2085 549 2157 vel
566 2082 811 2156 immobilibus
834 2079 963 2178 agitur.
1002 2063 1154 2170 Ὄνομα
1170 2077 1231 2151 hie
1247 2077 1395 2174 ponitur
1408 2103 1456 2150 ex
1472 2103 1543 2150 usu
1559 2079 1805 2153 Romanorum
1819 2080 1877 2174 qui

487 2229 608 2280 nomen
627 2203 802 2276 vocabant
812 2213 849 2274 et
859 2199 980 2296 Caput
992 2200 1111 2297 ipsum
1122 2197 1301 2272 rationum
1315 2211 1353 2272 et
1367 2199 1532 2272 Titulum
1546 2197 1722 2272 debitoris
1732 2198 1877 2272 Pecuni-

488 2351 617 2424 amque
630 2327 744 2422 ipsam
758 2323 951 2398 creditam.
984 2313 1173 2419 Κατέχειν,
1188 2323 1287 2417 quod
1298 2323 1626 2422 agnoscitHesyoh.
1638 2326 1677 2396 in
1687 2325 1874 2423 glossvoe.

488 2437 712 2540 ἐμβατεύειν,
730 2444 926 2542 respondet
943 2445 1074 2518 Latino
1091 2443 1263 2545 ottiparo.
1317 2449 1361 2520 In
1386 2447 1445 2522 fin.
1464 2474 1498 2522 v,
1519 2453 1578 2524 24.
1599 2440 1708 2522 οὐδὲν
1726 2450 1877 2547 πρᾶγμα

489 2563 564 2670 ἔξει
582 2585 645 2656 est,
663 2596 735 2646 oon
752 2569 862 2643 ollam
886 2583 1005 2645 eontra
1022 2595 1057 2645 se
1074 2584 1203 2646 motam
1227 2571 1359 2648 latetis
1381 2572 1482 2666 litem,
1499 2575 1568 2663 vel,
1587 2574 1785 2674 perieulum
1801 2576 1877 2651 acti-

488 2692 564 2765 onis
581 2690 715 2764 nullum
732 2689 867 2764 subibit.
922 2689 1016 2763 Setis
1036 2714 1196 2788 congrua
1213 2703 1269 2763 est
1285 2693 1404 2766 versio
1422 2695 1595 2768 Letronn.
1619 2693 1674 2770 On
1691 2722 1732 2771 ne
1744 2723 1876 2797 ρανετα

488 2813 681 2908 l’ioquiiter
698 2837 738 2887 αα
758 2811 843 2886 rien.
896 2811 990 2884 Vult
1007 2811 1205 2884 Praefeetus
1223 2825 1395 2888 statutum
1424 2815 1493 2890 hoc
1511 2816 1728 2890 discriminis
1746 2819 1789 2891 iis
1807 2844 1875 2890 non

489 2933 698 3007 adfuturum
718 2932 782 3028 qui
800 2956 864 3004 sun
881 2932 1079 3005 seeundum
1097 2933 1196 3030 leges
1214 2932 1365 3007 fenerati
1381 2935 1535 3010 fuerent.

564 3063 611 3133 V.
638 3059 844 3159 Attingitur
861 3059 1012 3156 quaestio
1030 3059 1076 3132 de
1094 3059 1259 3134 Dotibus.
1295 3061 1364 3135 dus
1382 3061 1507 3158 primae
1525 3061 1742 3136 exactionis
1761 3063 1872 3162 (πρω-

528 3271 604 3326 ‘En
627 3289 670 3344 gr.
694 3269 786 3326 Cicer.
810 3266 887 3327 Orat.
909 3285 967 3342 pro
989 3264 1113 3324 Ameriu
1138 3282 1156 3322 t
1247 3265 1341 3324 Verbi
1366 3265 1469 3342 κατέχω
1493 3266 1591 3343 disper
1618 3285 1699 3335 usus,
1723 3267 1784 3343 ipse
1810 3285 1875 3323 vero

412 3357 416 3366 ’
485 3369 724 3446 Εραῑαᾱῦἰαν.
737 3385 765 3426 v.
780 3370 827 3426 20.
842 3377 896 3426 eto.
929 3365 1100 3442 Aliquando
1113 3375 1157 3422 est
1207 3365 1338 3436 sorensis,
1363 3367 1468 3424 obvius
1494 3377 1538 3425 est
1565 3367 1596 3423 in
1617 3366 1708 3442 Epist
1737 3367 1777 3423 od
1802 3367 1874 3423 Rom

486 3477 516 3525 et
530 3468 645 3526 Debitor
662 3467 726 3542 ipse,
741 3475 778 3524 ut
800 3466 832 3523 in
845 3466 902 3542 Ep.
918 3465 959 3524 ad
970 3465 1052 3523 Attio.
1068 3481 1097 3522 v.
1109 3467 1156 3522 21.
1208 3483 1261 3522 vn.
1275 3463 1303 3524 6.

487 3567 528 3624 ad
534 3567 655 3624 Βίκταν.
665 3563 692 3624 6.
704 3565 753 3623 fin.
782 3561 826 3622 Of.
838 3563 930 3622 Indie.
942 3563 1022 3621 Edit.
1032 3563 1156 3621 Lemair.
1247 3565 1356 3623 hConl.
1379 3565 1455 3622 Plin.
1470 3564 1561 3640 Epist.
1581 3581 1609 3621 x.
1627 3567 1692 3630 109.
1707 3564 1768 3641 Epo
1789 3565 1877 3622 inveni

487 3677 556 3723 tom.
569 3683 634 3723 x1x.
648 3685 675 3742 p.
685 3667 751 3730 294.
766 3665 796 3722 b.
812 3665 844 3722 in
857 3681 918 3722 voc.
1208 3685 1226 3723 α
1235 3667 1371 3743 plerisque
1378 3666 1590 3742 proconsulibus
1598 3684 1751 3724 eoncessum
1764 3665 1800 3723 eis
1808 3683 1874 3741 pro·

526 3764 635 3822 scens.
653 3765 774 3822 Sueton.
799 3763 908 3838 Vopas.
932 3779 981 3820 iv:
994 3774 1063 3821 ente
1083 3762 1157 3820 med.
1206 3766 1364 3841 topraeian,
1378 3783 1488 3840 eantque
1501 3783 1559 3840 pro
1572 3764 1626 3839 leqe
1638 3765 1763 3822 ναὶαιέταα
1801 3763 1874 3822 Setis

488 3864 578 3920 Rediit
598 3871 665 3921 certe
677 3863 761 3920 nihilo
775 3863 933 3938 epulemur,
947 3869 978 3918 ut
995 3863 1051 3937 qui,
1068 3879 1158 3938 prope
1207 3863 1269 3920 baeo
1282 3862 1471 3939 explicentur
1493 3881 1511 3918 α
1531 3862 1674 3938 rescripto
1690 3861 1873 3940 Imperatoris

485 3963 619 4040 labefacta
625 3964 687 4037 jam
693 3962 760 4036 fide,
768 3962 861 4020 omnio
868 3961 980 4037 predia
985 3962 1081 4036 fratri
1091 3960 1157 4018 obli·
1207 3963 1239 4019 in
1252 3981 1351 4039 prom
1371 3960 1551 4037 Prioilepium
1569 3981 1622 4038 quo
1635 3963 1726 4020 caere
1738 3963 1873 4022 oedtort-
1987 4001 1988 4010 τ

484 4063 566 4135 parit,
595 4063 654 4120 soil.
682 4062 750 4119 dato
773 4061 895 4138 pignore
916 4059 963 4118 vel
983 4059 1155 4138 hypotheca.
1206 4059 1255 4117 bue
1268 4069 1475 4136 (imponantur.
1508 4060 1552 4118 Cf.
1561 4061 1664 4138 Dipest.
1677 4061 1736 4119 Tit.
1746 4058 1773 4120 6.
1787 4061 1817 4118 L.
1827 4062 1871 4116 42.

487 4164 539 4238 Cp.
550 4163 641 4219 Tacit.
650 4161 723 4220 Hor.
735 4178 776 4219 111.
787 4160 834 4220 65.
869 4159 1093 4219 SieSoaevoloin
1106 4161 1157 4217 Di·
1207 4159 1412 4236 Deptiviieqiis
1424 4160 1594 4219 creditorum.

485 4271 556 4336 gest
568 4277 621 4317 xx.
635 4264 663 4318 «t.
677 4261 732 4318 ult
743 4259 860 4336 αόὶίραεα
870 4259 990 4335 pignori.
