3994 5244
465 518 527 582 ars
882 515 1238 586 mscnrrrrorms
1260 517 1452 586 onnon.
1618 523 1746 606 [m.
1760 541 1873 588 σωκ.
1978 474 1979 480 Ν

660 700 817 788 Τούτοις
836 710 914 789 τοῖς
935 705 1079 810 ἐλέγοις
1100 700 1357 809 Πετρωνιοινός
1376 739 1423 786 σε
1441 703 1615 810 γεραίρω,

718 833 901 936 Αὖδήεντι
921 837 993 944 θεῷ
1011 834 1176 938 μουσικὰ
1195 839 1296 942 δῶρα
1317 834 1453 936 διδούς,

663 969 861 1078 Πατρόθεν
880 972 1006 1073 οὔνομ’
1027 973 1134 1080 ἔχων,
1154 972 1388 1080 Ἀσττρηνᾶς,
1406 972 1553 1062 Ἰταλὸς
1572 975 1685 1080 ἀνήρ·

719 1103 846 1186 Ἀλλὰ
865 1103 917 1186 σύ
934 1140 999 1206 μοι
1021 1105 1125 1210 ζώειν
1144 1101 1272 1210 δηρὸν,
1284 1099 1424 1213 Ἀναξ,
1444 1107 1612 1212 χαρίσαι.

584 1251 604 1320 5
665 1241 816 1318 Πολλοὶ
835 1231 913 1338 ἅμα
935 1237 1134 1344 στείχουσι
1154 1236 1332 1339 δαήμεναι
1351 1237 1374 1340 ἦ
1394 1237 1426 1345 ῥ’
1449 1240 1515 1338 ἔτι,
1537 1241 1709 1342 Μέμνον,

722 1375 801 1452 Τοῦ
820 1379 958 1452 λοιποῦ
977 1377 1097 1476 γῆρυν
1116 1370 1290 1471 σώματος
1311 1369 1414 1457 ἐντὸς
1434 1373 1546 1478 ἔχεις·

667 1499 795 1606 Αὐτὰρ
816 1501 899 1605 ὅγε
919 1500 1089 1600 στείνιον,
1110 1505 1278 1609 κεφαλῆς
1296 1499 1327 1583 τ’
1348 1503 1436 1607 ἄτερ
1455 1497 1603 1606 ἥμενος,
1623 1508 1734 1614 αὐδᾷ,

714 1629 854 1740 Ὕβριν
875 1633 1091 1736 Καμβύσεω
1109 1635 1240 1742 μητέρι
1258 1631 1509 1744 μεμφόμενος.

664 1763 750 1847 Etr·
772 1759 818 1846 aiv
838 1763 869 1844 δ’
891 1765 1020 1866 ἠέλιος
1040 1764 1190 1873 φαέθων
1209 1769 1358 1852 ἀκτῖνας
1378 1768 1531 1876 ἀνίσχῃ,

566 1912 611 1982 10
718 1891 851 2004 Ἠμαρ
871 1901 1045 2002 σημαίνει
1065 1906 1143 1986 τοῖς
1161 1909 1347 2006 παρεοῦσι
1365 1910 1530 2007 βροτοῖς.

545 2089 738 2186 Descripta
756 2087 927 2176 indidem,
955 2088 1121 2186 proxime
1147 2088 1331 2185 supposita
1355 2089 1571 2188 praegressis.
1624 2089 1787 2183 Quidam
1806 2095 1867 2165 Pe-

469 2213 654 2286 tronianus
683 2209 922 2284 honorificum
956 2233 1103 2283 carmen
1132 2209 1251 2284 vocali
1284 2209 1354 2284 deo
1383 2210 1529 2286 addicit
1600 2213 1766 2310 Exoptat
1800 2215 1866 2288 sibi

470 2336 594 2407 vivere
621 2333 785 2432 longum:
815 2332 900 2405 dein
928 2331 1134 2406 facultatem
1158 2333 1320 2406 vocalem
1346 2331 1570 2420 monimenti,
1591 2345 1802 2408 trtmcatum
1829 2349 1867 2408 ut

471 2457 526 2548 sit,
541 2455 699 2540 miratur,
718 2453 764 2526 ad
782 2455 887 2549 cujus
904 2454 1105 2551 periculum
1124 2452 1330 2526 faciendum
1348 2465 1403 2528 tot
1420 2478 1459 2527 se
1472 2451 1664 2528 confemnt
1681 2453 1728 2530 ad
1747 2457 1865 2540 situm,

472 2591 538 2650 etc.

548 2692 675 2768 Edidit
699 2717 747 2766 ex
776 2691 944 2768 Saltianis
963 2695 1215 2768 Letronniusm.
1269 2697 1313 2768 In
1331 2723 1363 2769 v.
1383 2700 1416 2772 3.
1435 2696 1538 2771 habit
1554 2695 1593 2774 S.
1611 2702 1863 2773 ΑΠΗΝΟΟΙ

471 2825 644 2904 ΤΑΛΟΟ,
662 2817 762 2914 quod
784 2819 867 2914 jure
891 2819 996 2892 torsit
1020 2819 1118 2892 viros
1146 2819 1280 2902 doctos
1333 2819 1448 2894 Varia
1470 2819 1678 2916 conjiciunt,
1709 2841 1865 2914 quorum

474 2944 761 3022 Letronnianum
787 2948 1214 3019 ΑΟΙΗΝΟΟΚΙΤΑΛΟΟ
1240 2943 1472 3040 spectabilius
1498 2955 1562 3030 est,
1588 2943 1622 3015 h.
1640 2967 1670 3016 e.
1686 2933 1866 3038 Ἀσιηνὸς

471 3065 501 3147 κ’
523 3059 681 3147 Ἰταλός.
731 3071 823 3144 Haec
843 3068 981 3166 duplici
1003 3069 1113 3142 modo
1138 3067 1368 3166 expedienda
1385 3070 1549 3154 veniunt,
1567 3069 1864 3145 utPetronianus

472 3198 583 3274 suerit
608 3194 772 3270 Asianus
797 3196 881 3292 jure
914 3193 1092 3288 natalicio,
1118 3193 1236 3269 Italus
1259 3192 1396 3286 Italico,
1424 3195 1483 3268 vel
1514 3208 1662 3292 accepto
1686 3183 1865 3290 Ἀσιηνός

472 3350 539 3425 pro
566 3323 766 3422 agnomine,
791 3317 951 3396 Asiatico
979 3321 1236 3406 Romanorum,
1264 3319 1435 3414 dictoque
1462 3317 1572 3397 ἱακῶς
1597 3343 1664 3416 pro
1687 3309 1865 3396 Ἀσιανός

473 3467 515 3526 ut
531 3474 648 3548 supra,
665 3467 885 3523 cccnxxxvr.
907 3447 952 3537 1.,
970 3433 1189 3541 Σαρδιηνός.
1246 3442 1329 3529 Sed,
1342 3455 1384 3516 ut
1399 3442 1437 3514 in
1456 3465 1564 3538 quam
1582 3441 1758 3540 plurimis,
1772 3443 1865 3539 inge·

474 3577 576 3649 niosa
591 3569 807 3666 conjectatio
834 3565 921 3640 fidei
943 3565 1074 3663 lapidis
1091 3565 1199 3650 cedit,
1217 3589 1308 3662 quae,
1326 3564 1363 3636 ni
1386 3562 1497 3636 salsus
1520 3563 1597 3656 sim,
1615 3564 1654 3636 in
1677 3563 1759 3636 loco
1778 3563 1864 3636 adeo

475 3693 641 3780 contrito
668 3689 796 3764 suadet
817 3692 1086 3776 ΑΟΠΡΗΝΑΟ,
1110 3711 1243 3760 nomen
1263 3687 1360 3759 inter
1386 3686 1569 3758 Romanos
1594 3685 1688 3758 bene
1714 3693 1863 3758 notum&

474 3820 581 3891 Patet
594 3811 800 3886 mendosam
812 3808 1003 3882 lectionem
1022 3805 1081 3880 bic
1091 3817 1254 3880 exortam
1265 3803 1376 3879 fuisse
1387 3827 1409 3877 a
1420 3803 1652 3902 colligatione
1666 3803 1863 3877 litterarum

476 3940 594 4012 minus
620 3933 809 4006 observata
834 3930 927 4002 sicut
952 3928 990 4000 in
1009 3927 1213 4026 Olympeno
1239 3938 1364 3999 nostro
1389 3946 1494 4000 cccv.
1522 3947 1619 4020 supr.
1672 3925 1740 3998 Est
1765 3925 1863 4022 quasi

514 4141 605 4201 ¹¹²Ubi
620 4159 715 4217 supro,
730 4159 759 4216 p.
770 4136 817 4198 60.
832 4157 860 4194 ιι.
872 4153 954 4195 xnrx.
976 4137 1034 4194 tab.
1055 4155 1082 4193 n.
1098 4135 1141 4194 la.
1192 4131 1306 4209 August
1320 4147 1402 4190 xtru.
1425 4131 1669 4192 Consulmertt:
1685 4149 1731 4190 em
1744 4149 1768 4188 c
1779 4131 1808 4188 in
1819 4149 1861 4187 su.

516 4255 528 4277 ¹
543 4234 860 4300 conflictantium
871 4235 1001 4294 ὄλεκον
1023 4231 1143 4290 Sueton.
1196 4248 1226 4289 ιι.
1241 4231 1309 4308 imp.
1322 4229 1471 4307 caligato.
