4028 5258
183 429 421 512 mscmcnxu]
819 420 972 487 LIBYA.
1518 418 1579 484 339

183 618 296 692 vertit
320 618 492 692 Latronn.
511 601 717 708 δημοσίους
735 603 934 710 γεωργούς,
950 613 1011 688 dea
1035 609 1261 713 opacatas
1287 624 1404 687 tenuat
1427 609 1451 684 d
1465 611 1579 710 ferme

183 743 246 818 dar
272 757 375 818 torar
399 742 450 816 du
476 743 597 815 tratur.
649 741 745 813 Dein
763 751 883 812 vertas
901 728 1068 838 ἐκφόρια,
1086 751 1152 812 etc.
1175 753 1364 836 proventus
1373 741 1478 838 posci
1482 740 1577 836 surt-

183 863 311 939 dorum
331 861 578 962 propriorum.
631 862 745 935 Notas
764 885 851 934 vero
868 860 1153 934 distinctionem:
1182 873 1285 934 erant
1301 859 1471 935 Aratores
1492 859 1578 957 pat-

182 981 241 1058 lt'ci
265 982 330 1079 qui
354 980 486 1054 fundos
513 979 691 1054 reditibus
708 979 955 1076 Imperatoriis
973 979 1150 1052 obnoxios
1167 979 1356 1070 colebant3
1383 1004 1404 1052 a
1421 976 1578 1077 privatis

183 1103 391 1178 communia
418 1101 609 1174 dumtaxat
635 1099 826 1198 vectigalia
855 1097 1095 1195 exigebantur
1131 1122 1214 1170 suos
1249 1097 1385 1194 quippe
1412 1097 1577 1194 proprios

185 1224 380 1298 arantibus.
433 1220 601 1295 Praesecti
625 1219 803 1292 sententia
828 1231 892 1306 est,
920 1217 1020 1312 quod
1045 1218 1083 1290 in
1109 1217 1236 1291 ordine
1261 1216 1391 1290 horum
1418 1217 1577 1314 ponendi

185 1357 270 1418 sunt
299 1368 391 1439 qnos
420 1367 486 1438 per
514 1355 656 1437 tempus
687 1337 960 1434 supradictum
988 1338 1217 1432 interjectum
1249 1348 1411 1410 emerant
1434 1338 1577 1434 privati,

187 1465 435 1558 Claudiusque
453 1486 474 1534 a
490 1460 794 1558 pensitationibus
811 1459 1038 1531 liberaverat.
1092 1457 1265 1533 Ceterum
1279 1458 1506 1531 observanda
1522 1470 1578 1530 est

186 1586 332 1684 scriptio
353 1589 552 1658 ΕΔΑΠωΝ
579 1582 616 1654 in
642 1581 676 1654 h.
689 1580 712 1654 l.
730 1603 812 1676 quae
828 1578 969 1675 liquido
986 1581 1182 1676 apparebat
1198 1580 1236 1651 in
1253 1577 1384 1674 lapide.
1436 1579 1576 1675 Nempe

185 1710 426 1784 Macedonum
453 1706 524 1782 suit
546 1705 672 1780 efferre
692 1705 721 1794 β
740 1730 804 1802 pro
821 1702 852 1802 φ
872 1701 1111 1802 (Valckenar.
1136 1703 1183 1776 ad
1210 1702 1425 1778 Callimachi
1449 1702 1576 1800 fragm.

186 1862 216 1933 p.
236 1834 328 1934 39.),
357 1833 456 1929 quod
490 1833 661 1918 vicissim,
693 1831 822 1906 vitiosa
855 1829 1150 1926 pronuntiatione
1184 1829 1454 1927 AEgyptiorum,
1482 1831 1519 1902 in
1548 1855 1578 1900 π

185 1973 362 2035 mutatum
376 1972 440 2040 est,
454 1969 656 2056 prorsusut
669 1952 742 2028 din
753 1983 775 2027 τ
790 1979 898 2052 supra
915 1955 953 2026 in
971 1977 1071 2030 cccx.
1087 1957 1118 2028 5.
1138 1955 1203 2027 ubi
1220 1953 1314 2028 conl.
1329 1956 1421 2028 obss.
1435 1955 1577 2028 Pariter

186 2087 305 2164 Graeci
330 2085 512 2158 habebant
539 2070 712 2158 Πόπλιος
729 2104 795 2176 pro
812 2076 972 2162 Publius,
991 2093 1027 2150 et
1045 2081 1162 2152 Dores
1189 2079 1372 2176 speciatim
1392 2071 1488 2173 ἀμπί
1511 2105 1577 2177 pro

185 2201 284 2306 ἀμφί
299 2209 339 2280 in
363 2205 592 2302 compositis:
621 2203 666 2278 cf.
693 2205 796 2276 Koen.
824 2202 871 2275 ad
898 2201 1064 2277 Corinth.
1092 2228 1127 2300 p.
1158 2208 1239 2278 159.
1303 2205 1376 2280 Hic
1402 2219 1500 2279 recte
1526 2204 1576 2278 H.

186 2334 393 2414 ΕΔΑΠωΝ,
413 2327 478 2401 sed
495 2328 532 2400 in
549 2325 608 2398 fin.
627 2351 661 2399 u.
679 2332 755 2399 ΤΙΙ.

260 2449 350 2521 VII.
380 2448 527 2545 Spectat
553 2446 632 2521 haec
659 2445 829 2543 periodus
860 2447 906 2519 ad
929 2445 1203 2520 Alexandrinos
1230 2447 1372 2520 nativos
1398 2447 1437 2518 in
1464 2447 1577 2534 Urbe,

184 2569 219 2642 h.
232 2594 265 2642 e.
292 2567 531 2655 Alexandria,
550 2567 743 2665 degentes:
772 2565 818 2638 cf.
834 2589 952 2662 supra,
965 2591 996 2638 v.
1016 2568 1048 2638 5.
1090 2567 1170 2639 Hos
1187 2566 1378 2663 profitetur
1390 2566 1578 2664 Eparchus

185 2711 222 2758 se
249 2686 345 2760 nolle
364 2685 459 2758 trahi
475 2686 523 2758 ad
540 2683 739 2756 ministeria
756 2682 911 2779 publica,
930 2707 1012 2778 quae
1030 2683 1076 2754 ad
1093 2707 1178 2757 rura
1200 2685 1392 2780 pertinent,
1411 2685 1579 2758 obeunda

207 2832 268 2878 vv.
290 2807 423 2878 32-34.
452 2861 460 2876 .

187 2805 201 2905 (
261 2925 304 2998 In
331 2928 390 2998 33.
416 2806 451 3021 p).
470 2923 549 2996 init.
569 2921 619 2995 H.
641 2927 983 3009 ert-turtulam,
1008 2935 1075 2996 etc.
1128 2923 1203 2997 Hic
1221 2923 1269 2996 A.
1289 2936 1433 2998 vetante
1458 2924 1578 3022 lapide

183 3050 331 3124 induxit
357 3039 434 3121 κατ’
455 3040 661 3144 Αἴγυπτον.
714 3046 811 3120 Dein
834 3045 886 3119 H.
915 3049 1060 3122 turbata
1089 3049 1282 3146 pleraque:
1309 3057 1403 3124 ΤΗ.
1427 3056 1580 3126 ‚osolt

183 3175 403 3245 ΑΙΛΦΙΛΡΡΓ
406 3173 720 3243 lustratorum.
741 3183 807 3239 ,το
823 3224 841 3240 .
861 3165 967 3259 .Ιοκ,
994 3193 1077 3240 cum
1104 3168 1233 3243 lacuna
1250 3194 1375 3243 versus
1401 3172 1577 3244 exeuntis.

185 3293 228 3364 ln
248 3293 307 3365 34.
323 3293 392 3364 sub
409 3291 470 3364 fin.
485 3289 533 3363 Η.
551 3295 748 3365 arctant.
802 3293 846 3364 In
863 3291 899 3364 h.
915 3317 947 3364 ν.
967 3287 1197 3388 λειτουργίαι
1215 3290 1370 3391 χωρικαὶ
1387 3309 1579 3370 vertuntur

182 3559 232 3617 fin.
256 3558 356 3616 arbitri
368 3559 502 3616 remotio
523 3565 603 3616 stara
653 3557 765 3616 Pariles
786 3567 858 3615 sunt
907 3577 995 3634 porro
1018 3555 1211 3629 sanctiatur,
1234 3560 1311 3636 quod
1335 3561 1509 3640 plerumque
1528 3567 1578 3623 ob-

182 3657 312 3734 loquutt
326 3657 358 3712 in
371 3674 485 3713 vernae.
497 3665 606 3724 nostro,
617 3664 644 3712 to
654 3656 738 3713 stand
749 3664 784 3724 to,
795 3655 836 3730 by.
907 3657 989 3713 vium
1011 3665 1055 3714 est
1078 3657 1164 3732 quale
1177 3670 1340 3736 usurpatur
1364 3681 1381 3719 ο
1401 3663 1534 3740 Xenoph.
1548 3668 1580 3722 in

223 3755 338 3814 'Notes
361 3753 409 3812 hic
432 3753 609 3821 οἱποοοοιῖοθοοο,
630 3753 858 3812 decumanorum
907 3753 1017 3815 Iaaffl.
1033 3773 1098 3813 vm.
1116 3760 1144 3816 5.
1162 3760 1206 3822 l9.
1227 3762 1254 3816 ri
1275 3755 1367 3828 ’ἔδαφος
1386 3767 1431 3818 τοῦ
1449 3771 1579 3838 ποταμοῦ.

183 3855 345 3913 ministerio
372 3872 545 3929 congruum,
570 3862 600 3911 et
623 3853 698 3910 conf.
722 3853 790 3910 infr.
809 3872 856 3910 vv.
907 3853 958 3912 Ad
971 3865 1105 3913 nostrum
1119 3856 1228 3915 accedit
1241 3857 1326 3934 gloss.
1339 3859 1466 3938 Hesych.
1477 3866 1518 3932 γῐ,
1531 3866 1580 3921 cui

183 3956 230 4013 ⁵0.
249 3956 296 4012 54.
338 3951 504 4009 Inlustrent
525 3968 597 4008 cxx.
617 3951 648 4007 in
662 3951 730 4008 lsai.
750 3967 794 4008 111.
812 3954 856 4009 12.
907 3953 1035 4010 vicissim
1058 3970 1131 4013 txx.
1147 3953 1178 4012 in
1200 3955 1267 4013 libr.
1282 3955 1390 4016 Sirach.
1406 3975 1518 4018 xxxur.
1536 3965 1579 4020 10.

185 4050 253 4115 Λοὸς
278 4076 339 4126 μου,
368 4049 390 4106 oi
419 4057 557 4128 xpolxsogtc
586 4052 652 4124 ὑμὸο
683 4052 855 4124 'catapotium
909 4053 960 4108 Kal
977 4051 1099 4128 iisdem
1114 4052 1206 4116 minu
1224 4050 1279 4112 οἱπὶ
1293 4049 1411 4127 biota,
1430 4083 1472 4115 κου
1492 4057 1579 4129 lapis

185 4155 260 4224 ὐμῖς,
274 4149 358 4207 zalal
375 4153 540 4214 οἱποοοτοῦοτος
554 4147 794 4228 κυζοοίοοοσοοῦμῧο.
813 4150 858 4209 De
909 4148 1005 4213 ἦιτῖοθη
1024 4145 1111 4226 adalp.
1139 4151 1207 4209 Pari
1218 4153 1330 4211 ratione
1340 4155 1418 4231 apud
1430 4157 1507 4215 Lati.
1518 4171 1580 4216 erat

183 4249 303 4332 ίιφοςίοις
318 4248 387 4308 vide
410 4269 522 4328 argum.
544 4249 580 4307 nd
598 4269 626 4310 r.
641 4245 687 4308 26.
728 4247 859 4308 Notetnr
909 4248 1032 4307 Fundus
1045 4259 1075 4307 et
1090 4250 1226 4326 imapum
1238 4254 1423 4326 etproedium.
