3994 5242
446 510 487 574 28
840 501 1193 570 INSCRIPTIONES
1216 501 1408 568 GRAECAE.
1567 502 1846 592 [mscaccaxvrr.

445 694 638 769 Probabile
667 692 736 766 hoc
766 691 931 778 dixerim,
960 692 1054 764 sicut
1081 703 1186 766 antea
1212 692 1336 764 notavi
1361 691 1400 764 in
1430 703 1643 789 argumento
1672 691 1719 766 ad
1746 718 1780 765 v.
1805 695 1843 766 2.

444 839 584 913 nempe,
609 813 782 912 syllabam
805 812 916 886 fuisse
938 812 1098 910 aLyoiis
1119 812 1386 909 pronuntiatam
1409 809 1485 885 sere
1508 822 1551 884 ut
1575 835 1597 884 a
1621 813 1846 886 nostratibus

444 936 534 1028 altr,
548 959 621 1008 non
639 933 807 1030 equidem
826 957 909 1007 oum
928 958 1017 1006 sono
1034 931 1185 1006 exiliore
1197 932 1415 1030 Anglorum,
1427 931 1491 1005 sed
1504 930 1745 1028 adspiratione
1764 957 1847 1008 sen-

446 1057 549 1131 sibili

520 1179 704 1272 Quantum
721 1177 769 1250 ad
786 1179 987 1252 versionem
1005 1177 1144 1263 attinet
1170 1178 1274 1274 posui
1300 1169 1483 1276 ἐπιτρέψῃ
1509 1177 1609 1273 quod
1635 1203 1684 1251 ex
1701 1178 1845 1254 Graecis

444 1306 560 1380 solum
573 1317 694 1379 restat.
724 1304 844 1401 Magis
857 1329 946 1377 vero
960 1303 1168 1376 accessisset
1182 1293 1430 1400 συγχωρήσῃ,
1448 1302 1548 1397 quod
1566 1303 1604 1375 in
1624 1303 1754 1376 talibus
1770 1303 1845 1376 fre-

444 1447 598 1528 quenter
621 1429 769 1503 obvium
793 1442 857 1516 est,
881 1429 928 1502 ad
953 1429 1154 1502 Arabicum
1182 1427 1257 1529 ajal,
1282 1428 1421 1524 prolem
1447 1425 1598 1500 fortasse
1616 1428 1728 1524 ipsius
1749 1429 1845 1501 Zen-

443 1551 525 1637 dioi,
562 1549 754 1645 ferensque
793 1575 915 1622 secum
952 1550 1147 1639 notionem,
1179 1547 1379 1623 cmwedendi
1408 1547 1467 1620 vel
1494 1546 1665 1622 erituazdi
1690 1547 1843 1643 aliquid,

443 1664 733 1772 συγχωρήσεωτ.

993 1774 1227 1852 CCLXVII.
1255 1777 1289 1848 b.
1586 1853 1591 1862 ,

640 1917 1583 1989 ΤΟΜΝΗΜΕΙΟΝΚΑΤΕΣΚΕΥΑΣΕΝἘΥΤΥΧΟΣ

644 2030 1546 2101 ΓΙΡΑΓΜΑΤΕΥΤΗΠΟΥΑΞΙΟΛΟΓΩΤΑΤΟΥ

640 2143 1501 2214 ΜΑΥΡΠΤΟΛΕΜΑΙΟΥΕΥΕΛΘΟΝΤΟΣΑΝ·

637 2255 1527 2332 ΤΙΦΕΛΛΕΙΤΟΥΕΑΥΤΩΚΑΙΓΥΝΑΙΚΙΑΥΤΟΥ

566 2365 587 2434 5
641 2368 1523 2443 ΕΥΠΛΟΙΑΚΑΙΤΕΚΝΟΙΣΑΥΤΩΝΚΑΙΟΙΣΑΝ

644 2481 696 2547 ΕΓ
695 2476 1094 2569 ΩΖΩΝΕΓΙΙΤΡΕψΩο
1107 2484 1345 2554 ΙΣΔΕΥΠΟΣ
1362 2535 1372 2554 .
1400 2535 1409 2553 .
1431 2487 1513 2556 ΙΟΝ

641 2593 1419 2666 ΕΝΚΗΔΕΥΘΗΣΟΝΤΑΙΤΑΘΡΕΠΤΑΡ.
1447 2646 1456 2666 .
1475 2598 1586 2668 ΜΟΥ

638 2704 1548 2784 ΑΛΛΩΔΕΜΗΔΕΝΙΕΞΕΣΤΩΕΝΚΗΔΕΥΣΑΙΤΙ

639 2818 728 2884 ΝΑ.
756 2863 765 2883 .
785 2817 1609 2894 ΕΠΑΡΑΤΑΥΤΑΠΟΙΗΣΑΣΑΜΑΡΤΩΛΟΣ

541 2929 587 2998 10
641 2933 722 3000 ΕΣ.
750 2932 1524 3006 .ΘΕΟΙΣΚΑΤΑΧΘΟΝΙΟΙΣΚΑΙΙΣΟΙΣΕΙ

640 3043 697 3110 ΓΙ.
725 3091 735 3110 .
763 3043 1571 3140 .ΤΕΙΜΟΥΤΩΙΕΡΩΤΑΤΩΤΑΜΕΙΩΧΑΦ

639 3151 1443 3246 ΟΔΕΕΛΕΝΞΑΣΛΗΝψΕΤΑΙΤΟΤΡΙΤΟΝ

437 3309 493 3393 Τὸ
512 3317 691 3414 μιαρμεΐου
712 3309 987 3393 κατεσκεύασεν
1000 3314 1167 3418 Εὔτυχος
1185 3309 1470 3417 πραγματευτὴς
1489 3323 1556 3395 τοῦ
1575 3312 1832 3420 ἀξιολογωτά-

605 3441 616 3470 l
791 3446 800 3470 ¹
887 3445 896 3476 Ι
1166 3446 1176 3476 Ι
1299 3445 1332 3473 Ἰ
1527 3444 1536 3470 ’
1738 3447 1754 3480 J

437 3479 504 3526 του
547 3450 708 3550 Μαρκαυ
746 3450 938 3549 Αυρηλιου
978 3450 1218 3546 Πτολεμαιου
1255 3451 1502 3544 Ευελθοντοτ,
1540 3452 1833 3554 Αυτιφελλιτου,

438 3581 555 3685 ἑαυτῷ
573 3580 633 3657 καὶ
658 3579 804 3680 γυναικὶ
832 3579 945 3658 αὐτοῦ
965 3579 1138 3684 Εὑπλοίᾳ
1157 3581 1218 3658 καὶ
1239 3576 1379 3664 τέκνοις
1398 3581 1519 3661 αὐτῶν
1538 3581 1599 3660 καὶ
1618 3577 1673 3664 οἷς
1691 3573 1737 3659 ἂν
1758 3577 1834 3682 ἐγὼ

438 3712 510 3816 ζῶν
524 3713 724 3820 ἐπιτρίψω·
743 3719 793 3798 είς
809 3711 848 3792 δὲ
869 3710 1077 3818 ὑποσόριον
1096 3713 1435 3816 ε’γκηδευθήσουται
1455 3714 1501 3796 τὰ
1520 3713 1725 3820 θρεπτᾶριιί
1741 3741 1830 3816 μου·

437 3845 545 3952 ἅλλιρ
565 3842 605 3923 δὲ
624 3849 754 3946 μηδενὶ
774 3843 917 3954 ἐξέστω
937 3847 1164 3948 ε’γκηδεῦσαί
1179 3869 1272 3926 τινα·
1295 3849 1316 3927 ὀ
1338 3845 1377 3927 δὲ
1397 3846 1500 3952 παρὰ
1526 3857 1642 3928 ταῦτα
1666 3847 1832 3949 ποιήσαι·

437 3973 656 4080 ἁμαρτωλὸς
691 3978 789 4060 ἔστω
820 3984 917 4062 θεοῖς
946 3977 1216 4084 καταχθονίοις,
1248 3979 1308 4060 καί
1340 3981 1499 4061 εἰσοίσει
1532 3981 1746 4084 προστίμου
1776 3983 1830 4088 τῷ

438 4109 620 4216 ίερωτάτιρ
639 4112 774 4218 ταμείῳ
794 4108 950 4215 δηνάρια
968 4109 1075 4216 χίλια
1092 4109 1334 4192 πεντακόσια·
1357 4115 1377 4192 ὀ
1399 4111 1438 4192 δὲ
1460 4110 1618 4218 ἐλέγξαι
1640 4111 1827 4220 λήνψεται

1036 4239 1079 4324 τὸ
1100 4244 1282 4370 τρίτοικ
