3918 5240
104 577 193 622 rums
203 567 389 642 cccxxxvi]
667 549 890 619 BERYTUS.
1407 547 1469 610 127

103 745 185 818 nitus
209 743 359 842 vestigia
380 743 522 842 agnovi,
548 753 595 830 et,
621 754 664 818 ut
688 741 837 818 credere
862 741 916 816 fas
942 751 1010 830 est,
1029 740 1075 815 de
1100 739 1288 814 industria.
1343 740 1472 814 Festus

103 863 239 940 hominis
254 865 404 940 fortasse
422 864 584 962 Pm'ucipi
609 864 851 963 displicuerat,
867 863 929 937 vel
952 863 992 936 in
1009 886 1116 936 causa
1131 860 1202 936 fuit
1219 859 1343 936 odium
1359 885 1471 959 popu·

103 984 173 1072 lare,
189 987 289 1083 cujus
305 986 346 1060 in
360 972 455 1060 beris
472 985 596 1060 multis
613 985 748 1061 indicia
764 997 926 1062 manent:
954 983 1047 1059 conf.
1070 985 1205 1059 Fascio.
1227 1007 1265 1058 11.
1292 1009 1351 1056 nn.
1372 1005 1472 1058 ωτι.

103 1125 172 1174 cum
189 1125 316 1202 praegr.
336 1125 439 1180 mv.
456 1113 495 1177 et
510 1101 619 1199 hujus
637 1125 752 1180 occul.
770 1127 853 1177 cum
872 1124 1057 1178 eccam.
1110 1101 1204 1185 Cum
1225 1101 1471 1202 designatione

103 1221 208 1296 iuult
225 1247 258 1296 v.
273 1221 438 1298 conferas
455 1221 604 1297 narrata¹
624 1222 669 1298 de
687 1223 884 1322 Elagabalo
900 1233 937 1296 et
955 1221 1151 1299 Caracalla.

164 1341 364 1417 Edideruut
379 1342 479 1417 hunc
494 1343 643 1418 titulum
659 1341 911 1416 Maundrellus
929 1354 967 1414 et
982 1339 1294 1414 Burckhardtius¹.
1331 1341 1473 1417 Discre-

104 1465 218 1559 pmtiae
231 1465 379 1540 levioris
391 1465 566 1540 momenti
579 1477 672 1550 sunt,
684 1463 809 1562 quales
821 1463 951 1561 prioris
966 1468 1121 1537 ΡΑΙΠΗ
1135 1461 1174 1535 in
1186 1486 1224 1534 v.
1236 1464 1269 1550 3,
1283 1462 1471 1561 utriusque

106 1585 432 1660 tnntntnrtssvs
449 1583 488 1656 in
505 1585 538 1656 5.
591 1583 636 1656 In
654 1584 689 1657 6.
703 1580 752 1655 Β.
773 1585 889 1668 ΗΕΘ,
908 1592 945 1654 et
961 1581 1000 1654 in
1016 1579 1079 1654 fin.
1091 1577 1145 1652 Μ.
1162 1585 1421 1665 ΒΙῑΑΤΑΥΙΤ.

596 1869 890 1946 CCCXXXVI.
916 1892 961 1942 m.

132 2048 311 2120 tunore
328 2071 338 2092 ·
357 2053 439 2122 ΙΜΡ
454 2073 463 2092 ·
478 2054 725 2124 ΑΝΤΟΝΙΝΕ
841 2046 970 2124 Inor'cte
987 2107 994 2120 .
1011 2047 1209 2148 Imperator
1226 2109 1233 2124 .
1248 2051 1422 2130 Antonine
1439 2112 1446 2126 .

239 2173 622 2244 sueretu-nvo·
839 2166 1283 2271 possusumus.

148 2287 308 2362 nlt'sts
324 2309 334 2330 ·
349 2291 491 2363 ΑΝΝΙΒ
509 2311 519 2332 ·
537 2291 704 2361 ΙΜΡΕΚΑ
841 2288 970 2364 Mutat
989 2287 1135 2364 .Annia
1151 2348 1159 2364 .
1176 2290 1321 2392 Impera
1339 2350 1346 2364 .

169 2483 355 2582 Descripta
372 2483 418 2558 de
434 2509 525 2582 rupe
542 2509 608 2582 per
624 2510 731 2583 quam
749 2483 923 2560 caedendo
939 2481 1117 2581 patefacta
1133 2496 1190 2560 est
1206 2486 1264 2559 via
1282 2487 1473 2562 Antonini·

107 2626 163 2676 aus
183 2607 284 2703 cujus
307 2606 473 2681 meminit
497 2607 624 2682 titulus
649 2631 876 2706 praegressus.
929 2602 1135 2679 Edidenmt
1159 2607 1411 2682 Maundrellus
1437 2618 1474 2680 et
1540 2595 1545 2626 ¹

108 2721 329 2800 Burckhardt
357 2727 422 2800 ubi
450 2751 565 2824 supra
616 2727 815 2825 Exemplar
841 2725 971 2825 prioris
1000 2736 1141 2798 constat
1170 2749 1219 2800 ex
1247 2751 1305 2800 vv.
1330 2726 1473 2801 duobus

107 2838 269 2941 habetque
294 2853 402 2945 Ppro
427 2859 551 2921 nostro
579 2853 655 2922 ΡΙΕ
706 2848 878 2922 Decurrit
903 2841 1143 2920 Burckhardt
1198 2852 1405 2924 ΙΝνΙΟΤΙΜ
1429 2876 1471 2913 =

107 2967 306 3039 ΑΝΤΟΝΙΝ
326 2971 444 3041 frux
461 2971 550 3041 AVo
566 2993 607 3034 =
625 2967 713 3041 MV.
737 3020 746 3040 .
765 2973 828 3043 lS.
850 3019 859 3040 .
877 2971 1021 3044 NlSlM.
1069 2965 1209 3066 Opinor
1225 2966 1347 3067 plures
1363 2967 1473 3043 luisse

106 3079 272 3160 breviores
294 3086 405 3182 juxta
428 3085 523 3161 hanc
546 3085 738 3162 formulam
755 3088 972 3185 compositos
995 3090 1130 3178 titulos,
1147 3111 1302 3185 quorum
1320 3088 1476 3188 descrip-

109 3215 189 3275 serat
215 3204 385 3279 Maundr.
409 3230 532 3294 unum,
562 3206 715 3280 alterum
745 3204 986 3282 Burckhardt.
1017 3209 1173 3284 eundem
1201 3206 1362 3282 fortassis
1391 3232 1474 3281 cum

108 3335 223 3397 nostro.
273 3325 460 3401 Videntur
482 3327 521 3400 in
543 3327 696 3425 rupibus
713 3326 818 3400 incisi
835 3327 1083 3404 milliariorum
1103 3327 1166 3430 (cf.
1186 3349 1352 3403 eccm.
1370 3325 1472 3426 infr.)

108 3439 191 3516 vices
206 3445 422 3542 prestitisse.
453 3446 610 3540 Quidam
626 3445 756 3520 horum
773 3471 795 3520 a
812 3445 962 3522 ductore
975 3448 1152 3548 AEgyptio
1165 3445 1328 3520 mentm
1338 3445 1473 3534 Pdalrd

109 3557 182 3635 dum
197 3565 290 3640 viam
308 3567 446 3664 aliquot
463 3569 565 3642 annis
583 3567 714 3642 abhinc
731 3580 923 3666 repararet,
940 3594 1087 3668 prorsus
1101 3566 1312 3644 comminuti
1329 3565 1432 3640 sunt¹.

141 3817 146 3855 ἰ
159 3819 230 3882 Vide
242 3823 282 3882 sis
294 3823 441 3901 lamprid.
447 3841 532 3882 xxiv.
560 3825 755 3901 Eutropvm.
806 3819 873 3878 dam
895 3821 1066 3882 Sasostridis
1086 3823 1218 3902 (neam
1239 3822 1416 3900 Ill-Anda)
1440 3825 1476 3884 de

109 3917 147 3974 20.
806 3920 915 3996 quibus
924 3921 1174 3982 Herodotusinn.
1186 3921 1249 3983 lou
1270 3925 1324 3988 Tele
1339 3923 1364 3982 dl
1376 3927 1475 3989 crta«

141 4015 150 4046 ¹
163 4017 341 4078 Conlltr'ncr.
350 4038 377 4096 p.
387 4023 450 4085 190.
461 4019 639 4080 Mauudrelli
649 4020 703 4078 loc.
711 4029 757 4080 est
805 4025 853 4090 uls
866 4021 931 4084 ἵνα
942 4028 1014 4084 mal
1025 4029 1072 4091 τὰς
1085 4024 1170 4104 χόρος
1182 4027 1194 4083 0¹
1205 4023 1341 4098 Αἰγύπτου
1353 4027 1476 4096 aaut&

111 4112 156 4170 nb
167 4114 210 4172 dt.
223 4115 310 4176 Murt-
323 4119 367 4181 17·
805 4121 950 4204 Σίωπμς,
961 4127 990 4184 αἱ
997 4125 1042 4203 μὶν
1052 4133 1153 4192 mim
1162 4124 1243 4186 atain
1253 4127 1383 4196 φαίνηται
1397 4149 1475 4204 mper-

145 4211 297 4274 ¹M0nendi
316 4225 387 4275 sunt
405 4217 535 4294 legentes
555 4217 634 4294 quod
652 4219 683 4276 'm
703 4218 757 4278 hac
807 4231 889 4284 οὖσαι·
910 4222 971 4284 tull
988 4230 1020 4307 rii
1039 4226 1203 4308 Πιλιιπίνῃ
1223 4226 1299 4306 Συρίῃ
1317 4226 1392 4290 atrls
1414 4225 1476 4304 'o‘gus

112 4309 212 4384 regione
224 4313 319 4372 visum
332 4315 480 4375 solicitant
493 4317 670 4376 monimenta
679 4335 757 4394 qw-
807 4320 904 4390 ἰοῦσις,
922 4328 968 4383 ul
987 4326 1022 4384 nd
1042 4325 1193 4406 ygulppm
1206 4325 1241 4383 vd
1254 4326 1366 4405 riwin
1385 4321 1476 4383 Mna

763 4422 820 4483 al
