3994 5244
144 553 464 640 ruseneccuxxnn]
754 553 936 621 THEBAE.
1465 560 1527 625 265

210 736 403 833 Descripta
420 733 465 807 de
483 757 588 807 crure
612 732 714 819 laevo,
733 732 913 819 deorsum,
930 745 1012 831 post
1034 733 1188 808 mediam
1216 747 1366 834 partem.
1418 738 1528 812 Redit

141 856 266 928 iterum
284 854 332 928 ad
348 865 531 926 certamen
550 851 724 925 Trebulla
749 852 797 924 ob
825 853 1057 924 Memnonem
1074 877 1153 926 eam
1171 855 1392 951 comitesque
1416 857 1527 930 instar

141 974 365 1048 familiarium
376 973 630 1070 excipientem.
654 972 798 1046 Exinde
813 973 1068 1047 sciscitandum
1081 975 1190 1060 venit,
1203 1001 1247 1048 an
1259 977 1527 1074 perceptionem

143 1119 337 1191 vocemque
354 1093 523 1166 tribuerit
540 1093 688 1186 Natura,
706 1092 830 1190 opifex
849 1092 985 1166 mundi.

211 1215 416 1288 Ediderunt
432 1213 607 1288 Pocockr
624 1216 771 1290 Jacobs.
785 1213 971 1289 Welcker.
991 1217 1164 1289 Letronn.
1176 1241 1224 1290 ex
1240 1217 1416 1292 Saltianis.
1455 1219 1527 1291 Hic

141 1336 183 1408 ad
199 1337 382 1410 amussim.

211 1464 255 1534 ln
274 1487 309 1534 v.
328 1463 363 1534 2.
389 1475 492 1534 metr.
511 1460 605 1534 cons.
633 1450 824 1554 ἠσπάζετο
853 1485 935 1532 cum
972 1481 1141 1534 ccccxxx
1173 1464 1204 1534 9.
1232 1473 1337 1534 metr.
1366 1485 1462 1559 supr.
1492 1473 1528 1534 et

142 1587 288 1685 Dionys.
322 1586 462 1683 Perieg.
495 1587 577 1657 251.
611 1577 774 1677 Μέμνων
808 1575 1074 1656 ἀντέλλουσαν
1104 1572 1169 1677 ἑὴν
1197 1575 1404 1682 ἀσπάζεται
1433 1575 1526 1656 Ἠῶ.

142 1706 371 1804 Conspicitur
384 1731 458 1778 vox
476 1704 573 1802 apud
587 1705 761 1802 Tragicos
780 1703 996 1800 saepissime3
1014 1727 1073 1776 ex.
1085 1729 1116 1776 c.
1128 1702 1223 1778 Med.
1236 1707 1319 1778 891.
1340 1704 1527 1806 Ηιμμοζμι.

144 1831 222 1902 101.
274 1829 319 1900 In
337 1830 369 1899 4.
388 1839 489 1900 metr.
507 1825 567 1898 fin.
586 1824 1278 1920 οο1οοι11ωοε1ΦΘΕΓΓΜΑΤΑ,ι]υοι1
1296 1826 1456 1898 solemne
1474 1839 1529 1898 est

141 1950 295 2023 auctori:
324 1947 408 2020 vide
431 1970 537 2044 prox.
556 1949 590 2017 5.
610 1957 712 2017 metr.
757 1943 841 2014 Non
866 1954 922 2014 est
943 1967 1044 2015 error
1061 1941 1356 2036 describentium,
1375 1955 1528 2016 testante

142 2074 266 2170 lapide.
309 2071 485 2148 Conferas
512 2069 558 2143 ad
575 2094 634 2140 vv.
653 2071 689 2140 4.
708 2093 733 2140 s.
752 2059 946 2160 Αἵσθησιν
968 2051 1042 2162 ἆρα
1071 2094 1104 2138 κ.
1126 2069 1164 2138 λ.
1194 2065 1388 2140 Callistrat.
1408 2058 1529 2140 Είκὼν

142 2193 179 2270 ἐκ
196 2192 306 2270 λίθον
324 2187 567 2288 πεποιημένη,
588 2187 633 2265 οὐ
657 2181 732 2285 μὴν
751 2187 791 2264 ἐν
816 2190 893 2268 τοῖς
913 2186 1060 2268 οίκείοις
1084 2183 1185 2287 ὅροις
1212 2183 1316 2282 ἔμενε
1335 2184 1442 2270 λίθος
1461 2180 1527 2280 ὧν,

142 2315 223 2396 οὐδὲ
254 2313 296 2396 τὸ
328 2319 394 2413 τῆς
419 2309 569 2419 φύσεως
596 2307 761 2413 σιγηλὸν
781 2308 962 2412 ἠνείχετο,
993 2306 1097 2386 ἀλλὰ
1127 2311 1188 2388 καὶ
1216 2309 1322 2392 λίθος
1353 2303 1404 2388 ὧν
1431 2305 1529 2414 εἶχεν

142 2439 317 2545 ἐξουσίαν
337 2441 487 2545 φωνῆςῖ.
548 2443 691 2517 Deinde
714 2442 820 2516 docte
847 2439 1060 2514 adumbrata
1087 2440 1311 2524 aTrebulla
1339 2440 1526 2538 Δημιουρ-

141 2563 205 2666 pir
240 2587 309 2647 etc.
344 2570 566 2670 expresserit
600 2568 742 2652 Cicero,
788 2565 911 2666 Opifcc
943 2564 1225 2666 AEdr'ficotorque
1258 2566 1412 2654 mundif,
1454 2569 1527 2641 scil.

141 2685 376 2792 Δαμιονμγὸς
395 2693 445 2767 τῶ
471 2682 602 2785 κόσμον
621 2687 681 2764 καὶ
701 2683 964 2784 τεκταινομένα
983 2680 1118 2764 αὐτόν’.

213 2817 366 2892 Solcrtia
392 2814 542 2888 metrica
563 2837 636 2884 non
664 2813 797 2909 pariter
822 2809 1002 2883 laudanda
1024 2823 1090 2900 est,
1113 2811 1261 2884 intrusis
1280 2811 1528 2884 choliambicis

178 3225 188 3256 Ρ
202 3215 262 3272 Ubi
276 3232 373 3290 supra,
388 3231 437 3268 nn.
450 3209 493 3274 17.
508 3212 551 3268 18.
566 3227 677 3283 nempe,
692 3205 807 3262 duobus
858 3202 995 3279 Lugdun.
1004 3213 1034 3261 et
1048 3223 1075 3280 p.
1084 3207 1131 3269 94.
1143 3207 1171 3262 b.
1181 3209 1244 3281 Πςὶι
1258 3201 1290 3262 ἦν
1304 3203 1392 3281 ὁμοί,
1406 3207 1525 3276 γινέσθαι,

140 3333 174 3371 ex
187 3313 329 3390 singulari
342 3311 436 3378 factis,
451 3308 530 3386 quod
543 3307 610 3385 plus
626 3305 713 3364 semel
727 3305 807 3362 sesti·
858 3301 925 3378 λίγμ
939 3301 1012 3365 iic-mv
1026 3300 1078 3361 nt.
1091 3307 1137 3361 aaa*
1151 3301 1213 3376 ὅλα,
1227 3311 1273 3362 καὶ
1287 3306 1299 3361 ὅ
1315 3305 1361 3368 θεὸς
1375 3301 1528 3384 διμιιοςγὸς

140 3413 219 3471 nunti
232 3411 345 3470 accidit.
386 3411 454 3466 Loc.
468 3407 582 3466 Jacobs.
597 3417 642 3463 est
666 3405 697 3460 in
712 3403 806 3461 Denk·
855 3405 890 3460 τῦ
903 3400 1051 3472 βελτίονος,
1062 3421 1148 3478 quem
1162 3404 1233 3460 alibi
1247 3405 1287 3480 (p.
1300 3401 1346 3468 96.
1361 3402 1401 3478 c.)
1415 3423 1528 3461 nuncu-

139 3512 240 3588 ccltrt'fl.
253 3511 307 3568 ubi
315 3527 412 3584 supra,
427 3509 521 3583 p·43.‚
533 3503 684 3562 Letronnii
694 3503 725 3558 in
735 3505 805 3559 Acii.
855 3515 906 3580 pat
919 3505 966 3560 τῧι
984 3503 1105 3560 circium
1118 3507 1236 3581 ἄςχινγὶι
1256 3507 1302 3560 zai
1316 3505 1433 3580 γιιίτιμ
1452 3527 1528 3558 τιοτ-

140 3623 189 3668 etc.
204 3613 288 3688 p.5l.
303 3627 331 3665 n.
343 3623 402 3663 xm.
419 3606 477 3663 tab.
492 3625 519 3660 m
531 3607 577 3662 58.
857 3603 905 3659 inv.
957 3603 1073 3660 Pariter
1093 3603 1123 3658 in
1138 3601 1309 3660 Μιοιονιιόἰὶ.
1330 3619 1348 3658 1.
1362 3606 1390 3658 4.
1405 3605 1431 3665 7.
1454 3601 1528 3658 Ilae‘rv

176 3719 187 3750 ‘¹
200 3707 332 3786 Exposit.
347 3705 477 3764 statuar.
492 3721 534 3761 lx.
549 3723 576 3779 p.
586 3706 654 3767 900.
855 3697 917 3759 ium
927 3709 1013 3759 ταῦτα
1023 3707 1101 3769 σοφοῦ
1110 3705 1171 3765 τοὶς
1186 3697 1391 3779 51μιονςγιῦνιιι1
1403 3699 1528 3776 φιλιζόιν

177 3819 185 3842 ¹
200 3809 280 3868 Conf.
292 3807 360 3864 libr.
372 3807 417 3863 De
431 3805 497 3862 Ναί.
511 3805 584 3862 door.
599 3819 618 3860 1.
633 3805 660 3860 Β.
674 3802 740 3860 init.
857 3803 999 3878 ἠχιίμιιτι
1012 3827 1037 3856 ιι.
1048 3816 1074 3857 λ.

176 3909 241 3968 ’01
259 3907 329 3966 Tim.
344 3905 426 3962 [σοι’.
441 3905 475 3962 de
488 3903 608 3973 Munda,
622 3920 649 3977 p.
664 3898 731 3960 526.
753 3899 806 3956 Ed.
