3994 5244
910 533 1262 603 maonmmonns
1285 533 1477 604 onnon.
1591 537 1888 624 [sesamum.

760 720 899 826 Κέλερ,
919 715 1150 824 Στρατηγός,
1170 719 1296 800 ε’νθαδὶ
1314 723 1452 822 παρῆν,

760 853 960 954 Μέμνονος
979 854 1051 958 οὐχ
1070 851 1169 937 ὅπως
1188 848 1403 950 ἀκούσεται,

757 981 933 1090 Ἐγκόνει
950 983 1024 1088 γὰρ
1045 985 1138 1091 ἀϋτῇ
1159 986 1206 1090 τῆ
1226 987 1300 1064 τῶν
1320 987 1528 1085 Κωμητῶν·

761 1122 897 1222 Παρῆν
915 1114 1065 1222 θεωρὸς,
1085 1119 1146 1197 καὶ
1165 1115 1445 1221 προσκυνήσων
1462 1119 1568 1198 λίαν·

678 1261 699 1330 5
760 1250 925 1351 Μέμνων
945 1245 1120 1353 ἐπιγνοὺς·
1139 1247 1248 1330 οὐδὲν
1268 1247 1538 1358 ἐξεφθέγξατο·

761 1379 888 1486 Κέλερ
909 1377 939 1460 δ’
961 1377 1071 1480 ἀπήει
1091 1377 1149 1487 ἐφ’
1171 1373 1196 1459 ἃ
1215 1377 1332 1460 πάλιν
1351 1386 1493 1486 παρῆν.

761 1512 899 1599 Μέσας
918 1510 1129 1614 διαστήσας
1148 1512 1285 1618 ἡμέρας
1304 1510 1371 1592 δύο

753 1637 949 1726 Ἤκουσεν
968 1640 1089 1726 ἐλθὼν
1108 1652 1175 1726 τοῦ
1195 1649 1282 1724 θεοῦ
1302 1642 1369 1725 τὸν
1387 1641 1500 1750 ἦχον.
1600 1666 1602 1669 ’

755 1769 893 1864 Ἐτους
913 1771 953 1880 ζ’
972 1774 1173 1882 Ἀδριανοῦ
1195 1777 1406 1883 Καίσαρος,
1426 1787 1493 1860 τοῦ
1514 1781 1670 1883 Κυρίου,

656 1922 702 1994 10
1022 1905 1160 2018 Ἐπιφί
1177 1903 1230 2014 ζ’,
1251 1904 1348 2016 ὧρας
1367 1905 1418 2006 β’.

554 2103 746 2202 Descripta
772 2101 819 2176 de
846 2125 951 2177 crure
981 2101 1124 2176 dextro.
1194 2100 1314 2188 Celer,
1339 2100 1536 2200 strategus,
1563 2101 1688 2176 aderat
1715 2102 1880 2178 facturus

481 2225 728 2300 adorationem
744 2223 970 2322 propensius,
983 2221 1062 2322 ipse
1075 2248 1163 2297 vero
1174 2221 1341 2298 clamoris
1351 2223 1553 2296 Memnonii
1570 2247 1698 2319 pamm
1712 2225 1880 2299 curiosus

481 2343 653 2420 audiendi
671 2343 735 2441 qui
752 2367 774 2418 a
789 2343 1057 2418 clamitantibus
1074 2344 1211 2418 vicanis
1228 2344 1311 2442 plus
1328 2343 1440 2416 nimio
1458 2342 1617 2418 audivit:
1646 2369 1777 2418 vocem
1797 2345 1880 2419 ideo

480 2465 706 2541 inexoratam
719 2464 829 2538 deum
846 2463 1086 2557 continuisse3
1114 2461 1179 2538 sed
1195 2462 1309 2538 biduo
1322 2475 1415 2562 post,
1429 2461 1555 2538 officiis
1572 2461 1724 2538 fortasse
1736 2479 1878 2539 motum

480 2589 568 2663 boni
586 2587 745 2686 strategi,
763 2585 990 2660 revisentem
1000 2585 1241 2686 gratulatione
1259 2585 1458 2683 excepisse.

557 2710 670 2781 Aetas
698 2705 796 2779 tituli
823 2703 995 2778 definitur
1021 2729 1098 2779 esse
1124 2729 1179 2777 an.
1196 2726 1263 2778 vn.
1281 2703 1365 2800 imp.
1384 2702 1572 2788 Hadriani,
1601 2716 1637 2776 et
1654 2725 1721 2778 vn.
1741 2703 1878 2776 mensis

480 2825 629 2928 Epaphi,
646 2825 680 2900 h.
695 2849 725 2898 e.
744 2824 862 2922 posita
878 2824 1141 2898 consuetudine
1155 2823 1339 2922 AEgyptia,
1353 2821 1437 2930 Kpl.
1452 2823 1480 2898 J
1480 2821 1564 2896 uliae
1581 2821 1666 2896 anni
1677 2823 1725 2898 U.
1734 2821 1776 2897 C.
1791 2824 1876 2896 876.

480 2950 522 3021 Ρ.
543 2947 586 3023 C.
613 2948 706 3034 123„
736 2957 824 3019 noto
856 2945 956 3042 quod
989 2943 1068 3020 dies
1103 2945 1231 3020 natalis
1265 2945 1351 3043 imp.
1381 2943 1560 3018 Hadriani
1596 2958 1673 3018 erat
1703 2968 1758 3018 111.
1787 2945 1876 3019 Idus

480 3069 677 3167 Augustas.
1325 3119 1328 3130 .

556 3184 762 3259 Ediderunt
778 3181 937 3258 Pocock.
955 3184 1102 3259 Jacobs.
1121 3207 1171 3256 ex
1190 3183 1357 3260 Saltianis
1375 3182 1561 3258 Letronn.i
1612 3187 1657 3260 In
1673 3187 1874 3284 exemplari

479 3305 518 3384 S.
537 3331 573 3380 v.
593 3309 626 3380 3.
644 3304 703 3378 fin.
722 3316 778 3378 est
796 3311 1037 3379 κωΝΙΤωΝ.
1092 3305 1136 3378 In
1153 3307 1190 3378 4.
1209 3303 1270 3378 fin.
1289 3310 1411 3381 ΛΙΑΛ.
1462 3305 1508 3378 In
1522 3307 1555 3379 5.
1572 3305 1651 3381 init.
1671 3311 1872 3382 ΜΕΜΝω.

480 3427 525 3500 In
556 3428 588 3500 9.
618 3423 677 3498 fin.
702 3435 799 3496 recte
829 3419 869 3498 S.
898 3425 1016 3510 ΕΠΙΦ,
1043 3446 1110 3520 pro
1139 3421 1322 3496 communi
1354 3426 1487 3518 ΕΠΙΦΙ,
1514 3423 1615 3520 quod
1641 3425 1724 3498 obv.
1753 3427 1873 3500 estin

481 3567 638 3622 ccccxv.
659 3545 716 3618 66.
733 3541 814 3615 infr.
878 3541 1163 3640 Appropinquat
1186 3543 1280 3616 illud
1305 3544 1465 3618 Hebraeo
1482 3545 1596 3644 2³33,
1626 3545 1770 3644 (mense
1788 3571 1873 3620 vero

481 3665 615 3738 Martio
631 3672 756 3736 nostro
773 3659 849 3734 fere
867 3661 1119 3761 congnuenta)
1138 3661 1319 3735 recentius
1337 3663 1423 3760 12³2.

557 3789 601 3860 In
619 3807 793 3883 compage
815 3781 1004 3857 horridula
1027 3795 1065 3857 et
1084 3807 1124 3856 re
1142 3807 1228 3857 vera
1248 3796 1405 3882 stratego
1422 3782 1532 3884 digna
1555 3783 1653 3858 solus
1676 3807 1785 3879 quem
1809 3807 1872 3882 pro

520 4045 623 4107 ¹00nf.
644 4045 716 4104 Acts.
731 4045 766 4102 12.
781 4043 811 4105 S.
825 4045 861 4104 1..
876 4046 929 4104 ubi
950 4065 1047 4124 supra,
1062 4067 1090 4125 p.
1105 4050 1149 4107 18.
1200 4045 1312 4107 Jacobs.
1339 4051 1371 4108 in
1390 4051 1580 4128 Dcnkscinfl.
1602 4051 1629 4112 d.
1650 4053 1765 4130 Κὸπίρζ
1779 4053 1870 4112 stac

479 4141 901 4218 n.11v.tsb.lithogr.n.16.
947 4143 1014 4202 Loc.
1026 4145 1151 4204 Pocock.
1200 4165 1227 4206 u.
1243 4167 1265 4206 s.
1279 4167 1313 4206 ιο.
1334 4167 1385 4226 ρρ.
1397 4147 1445 4209 66.
1460 4169 1482 4208 a

480 4244 569 4305 estin
586 4241 679 4300 Dasea
692 4239 740 4300 Or.
754 4259 782 4318 p.
796 4244 841 4300 10.
856 4243 916 4300 tab.
932 4259 1068 4301 xxxvm.
1082 4263 1111 4301 n.
1122 4247 1150 4304 5.
