4028 5258
460 485 521 550 aaa
865 480 1220 548 rusoaarrrouas
1243 481 1436 549 onmem.
1607 485 1866 566 [meamne.

460 681 610 746 restant
626 694 720 769 aegre
734 669 973 744 discernenda
985 672 1034 745 ob
1050 671 1279 768 putredinem
1299 672 1387 744 saxi.
1441 670 1659 745 Declaratur
1673 670 1757 746 haec
1775 695 1868 746 con·

458 794 601 891 junctio
624 791 663 868 S.
692 803 729 865 et
754 791 786 864 Ι.
812 817 895 866 cum
913 791 965 865 H.
992 817 1057 890 per
1074 817 1201 866 vocem
1228 807 1345 867 metro
1371 803 1538 890 aptatam,
1564 816 1673 887 quam
1702 815 1793 864 sane
1825 791 1868 863 in

461 915 589 988 lexicis
606 938 680 985 non
697 911 816 986 adhuc
832 913 961 1010 reperi,
988 912 1161 1010 analogiae
1177 937 1264 986 vero
1282 937 1489 1010 congruam,
1517 935 1630 1008 quum
1652 912 1765 984 obvia
1788 912 1868 984 sint

463 1028 630 1127 ὅμευνος,
650 1026 795 1127 ὅμιλος,
820 1047 858 1109 et
884 1035 1022 1108 similia.
1076 1037 1118 1108 In
1136 1061 1172 1109 v.
1191 1039 1224 1110 5.
1243 1037 1392 1110 omnino
1418 1038 1611 1110 turbantur
1634 1037 1867 1134 exemplaria

467 1155 504 1232 C.
524 1173 560 1229 et
578 1154 639 1240 H,
663 1167 772 1252 prout
788 1155 1074 1252 exspectandum
1093 1167 1180 1240 erat,
1205 1155 1337 1229 litteris
1364 1181 1472 1254 supra
1495 1155 1690 1230 fracturam
1708 1157 1865 1254 praedic-

463 1293 535 1355 tam
553 1277 612 1350 vel
630 1276 759 1350 deletis
776 1277 922 1348 omnino
939 1275 999 1348 vel
1012 1275 1196 1348 truncatis.
1251 1276 1479 1366 Decurmmt3
1506 1280 1862 1350 ΛΘΓΙΤΑΤΛΗΝΑΙ

465 1402 566 1472 ΝΟΟ
581 1449 590 1468 .
611 1448 621 1469 .
639 1398 1391 1469 ΝΟΙΟΕΠΘΤΕΝΥΤΟΤΑΟΙΔΕΧΕΟΟΧ
1416 1406 1454 1467 et
1478 1400 1592 1482 lle-l·
1611 1408 1649 1482 -l-
1662 1402 1861 1471 ΑΤΑΙΝΑΙ

465 1525 597 1596 DOCC
613 1572 623 1593 .
638 1524 867 1594 ΝΟΙΟΕΠΕ.
887 1572 897 1591 .
915 1523 1410 1593 ΝΥΠΟΠΑΕΙΔΕΧΕΟΘΑΙ.
1468 1519 1551 1616 lpse
1578 1544 1660 1616 quae
1683 1520 1863 1620 descripsi

463 1666 590 1739 parum
613 1639 729 1712 fidens
755 1638 909 1736 profero,
928 1638 975 1712 ad
1000 1663 1143 1712 sensum
1167 1640 1280 1736 magis
1302 1664 1409 1735 quam
1434 1639 1579 1714 exoleta
1595 1665 1728 1714 vocum
1753 1643 1862 1716 simu·

464 1765 561 1838 lacre
585 1763 789 1860 respiciens.
842 1762 1009 1836 Certiora
1032 1775 1117 1836 sunt
1146 1787 1228 1858 quae
1255 1763 1374 1836 minus
1400 1764 1486 1836 laesa
1507 1767 1626 1862 reperi
1649 1765 1687 1837 in
1706 1791 1741 1837 v.
1761 1779 1855 1840 extr.

464 1891 577 1964 Posui
610 1890 648 1962 in
676 1913 729 1986 pr.
760 1872 860 1960 ἆθλα
890 1877 1055 1972 ποθεινὰ,
1086 1889 1179 1962 sicut
1207 1913 1315 1986 supra
1349 1890 1431 1962 obv.
1461 1891 1499 1962 in
1535 1913 1736 1966 cccxxvm.
1768 1895 1802 1966 3.
1831 1919 1858 1966 s.

465 2006 661 2112 τέχνασμα
683 2001 850 2098 ποθινόν,
869 2012 932 2085 ubi
946 2011 1039 2084 conl.
1059 2027 1132 2085 not.
1186 2012 1308 2109 Opera
1325 2027 1428 2086 erant
1445 2013 1626 2087 desiderio
1642 2015 1858 2112 expetenda,

468 2137 621 2234 proinde
643 2135 761 2209 fausto
789 2135 949 2208 omnium
977 2134 1106 2230 plausu
1133 2133 1343 2233 dignissima
1370 2159 1452 2230 quae
1479 2136 1750 2232 exciperentur.
1803 2139 1856 2210 De

465 2262 536 2335 hoc
562 2287 632 2335 usu
659 2261 761 2334 verbi
782 2253 936 2357 δέχομαι
963 2261 1009 2335 cf.
1040 2285 1147 2358 supra
1171 2283 1320 2336 cccxrv.
1339 2285 1369 2334 a
1387 2263 1445 2334 25.
1504 2259 1648 2333 Deinde
1668 2260 1708 2335 0.
1722 2261 1762 2333 in
1780 2286 1812 2334 v.
1828 2263 1855 2333 6.

465 2386 527 2455 O.
548 2434 556 2454 .
578 2385 1430 2466 .OVYAPnolotltcPttoMcNHneAtoec,
1464 2405 1545 2475 quae
1571 2378 1619 2451 Η.
1637 2385 1857 2455 ΥΥΑΡΠΟ

469 2506 542 2576 10.
562 2506 1016 2576 ΕΡΠΟΜΕΝΗΠΕΔΙΕω.
1068 2502 1234 2575 Evanida
1261 2503 1299 2574 in
1330 2501 1483 2574 exordio
1500 2525 1626 2574 versus
1652 2501 1717 2573 vix
1745 2500 1858 2574 fidens
1995 2531 1996 2558 l

467 2617 719 2690 commendare
746 2641 851 2712 quea,
873 2617 918 2690 de
943 2643 1050 2692 sensu
1074 2629 1213 2691 tantum
1239 2618 1413 2691 solicitus.
1465 2619 1534 2690 Isis
1555 2617 1701 2692 videtur
1726 2645 1859 2692 nuncu·

466 2743 545 2840 pari
563 2735 765 2837 Σαραπεία,
786 2733 1018 2837 Σαραπιακή,
1039 2741 1138 2839 quod
1152 2743 1325 2840 expedire
1336 2743 1422 2816 licet
1435 2768 1483 2815 ex
1497 2767 1605 2840 supra
1617 2744 1760 2817 notatis.
1801 2744 1859 2819 Sic

467 2869 608 2960 Venus,
635 2865 819 2940 Vulcacio.
871 2867 1091 2964 Appositum
1119 2867 1156 2940 in
1183 2880 1275 2940 extr.
1304 2859 1448 2953 ἕπισον,
1474 2894 1624 2966 (aquam,
1639 2868 1709 2966 faa
1734 2883 1791 2956 est,
1813 2871 1861 2942 vi-
1995 2849 1996 2860 ἵ

468 2986 576 3058 detur
601 3009 679 3057 esse
705 2983 808 3080 quasi
833 3007 870 3056 se
891 2987 1099 3058 excusantis
1117 3010 1138 3057 a·
1155 2985 1262 3082 culpa
1286 2984 1498 3059 intrudendi
1515 2987 1636 3060 cultus
1653 2989 1762 3062 Isiaci
1779 3013 1858 3062 cum

470 3105 642 3201 Serapico
659 3103 865 3199 conjuncti:
894 3103 964 3176 hoo
981 3104 1087 3178 facile
1105 3105 1326 3201 explicatum
1345 3105 1522 3179 habemus
1540 3130 1653 3200 quum
1672 3121 1799 3180 notum
1818 3109 1860 3181 sit

470 3225 578 3296 deum
592 3235 758 3295 exterum
775 3221 1026 3322 (Serapidem)
1042 3223 1226 3321 AEgyptiis
1244 3223 1349 3296 valde
1367 3221 1605 3321 displicuisse,
1623 3226 1686 3319 qui
1709 3225 1859 3322 proinde

469 3343 684 3430 caerimoniis
697 3344 773 3438 ejus
788 3367 1006 3440 magnopere
1020 3345 1277 3418 obnitebantur
1295 3344 1513 3440 Isidemque,
1532 3347 1751 3440 spectabant,
1767 3346 1860 3420 theo

470 3466 587 3564 goniae
621 3464 779 3560 antiquae
812 3487 956 3546 omnen,
985 3475 1166 3559 tamquam
1197 3461 1333 3535 Osiridi
1360 3463 1508 3558 proprio
1534 3463 1617 3558 jure
1643 3463 1858 3562 adligatam.

474 3588 551 3661 Stat
568 3609 676 3682 porro
695 3585 762 3656 sub
779 3583 838 3656 fin.
858 3584 896 3655 in
914 3606 1034 3680 apogr.
1058 3580 1096 3658 C.
1124 3595 1160 3654 et
1177 3579 1225 3654 H.
1244 3586 1409 3656 ΕΡΠΟΜ
1428 3595 1494 3656 etc.
1514 3582 1613 3677 quod
1630 3607 1687 3656 mc
1706 3585 1861 3681 aliquan·
1995 3587 1996 3592 ’

512 3861 713 3919 ‘Videnott
728 3857 764 3916 ad
777 3877 890 3934 argum.
905 3859 1063 3934 praegrassi.
1192 3868 1325 3916 veterum
1353 3859 1423 3916 satia
1448 3870 1580 3937 arguant
1607 3861 1745 3941 Serapem
1775 3867 1860 3924 fuisse

513 3960 620 4018 ‘Confi
636 3957 936 4026 praemanentes,
948 3967 994 4016 etc.
1009 3974 1107 4015 xxvia
1119 3976 1141 4015 s.
1194 3957 1495 4036 Gracc-dlgyptium,
1516 3979 1576 4017 non
1595 3979 1664 4020 vare
1678 3963 1860 4042 AEgyptium.

473 4077 540 4116 cum
552 4058 643 4114 Tacit.
654 4057 778 4114 Pausan.
788 4055 929 4115 Clamant.
939 4055 1141 4133 inProtaeptic.
1193 4059 1272 4118 Hine
1286 4063 1419 4123 araneam:
1437 4059 1522 4128 audit
1539 4059 1571 4116 in
1585 4061 1707 4140 Dionys.
1722 4063 1859 4140 Perieget

473 4167 528 4214 etc.
556 4157 606 4213 cit.
628 4157 658 4213 in
679 4156 745 4213 libr.
765 4155 944 4214 Willrinson.
968 4157 1001 4214 de
1024 4156 1142 4232 AEpypt.
1193 4158 1243 4216 cit.
1258 4175 1337 4236 supr.
1353 4159 1384 4216 in
1398 4167 1458 4216 not
1466 4177 1499 4234 p.
1520 4178 1547 4236 p.
1562 4162 1626 4225 193.

474 4255 569 4329 Antiq.
584 4253 640 4311 rol
652 4270 694 4310 ιν.
714 4273 762 4331 pp.
778 4251 923 4314 360-366.
966 4254 1144 4314 Testimonia
