3994 5242
479 511 520 576 64
882 517 933 582 IN
936 516 1238 586 SCRIPTIONES
1261 519 1453 587 GRAECAE.
1630 525 1749 614 [mecm
1763 547 1867 594 ccxcv.

576 709 780 782 ΤΟΥΤΗΝ
1313 753 1380 799 τον
1400 715 1468 819 τὴν

574 832 845 901 ΩΝΗΝΕΧΟΝ
1314 833 1412 938 ὠνὴν
1430 838 1517 944 ἕχον

574 950 949 1021 ΤΟΠΟΥΤΕΠΛΟΙ
1315 995 1379 1046 τοο
1397 969 1464 1042 τοῦ
1483 997 1524 1043 τε
1542 963 1650 1043 πλοί-

574 1069 941 1141 ΟΥΚΑΙΤΩΝΣΚΕΥ
1315 1111 1359 1156 ου
1378 1077 1438 1157 καὶ
1457 1084 1530 1158 τῶν
1550 1115 1658 1160 σκεν·
1710 1135 1715 1146 ·

501 1185 522 1256 5
572 1192 809 1262 ΩΝΑΥΤΟΥ
1313 1207 1365 1279 ὢν
1383 1202 1508 1281 αὐτοῦ·
1540 1205 1626 1283 ἀνα-

576 1309 831 1379 ΠΛΕΥΣΕΙΔΕ
1312 1317 1472 1400 πλεύσει
1491 1319 1532 1400 δὲ
1550 1323 1612 1425 γε’·

576 1429 995 1502 ΜοΝτΑκΑιτΑΑηο
1312 1445 1687 1542 immistam.

575 1549 865 1619 ΠΕΠΡΑΜΕΝΑ
1313 1565 1531 1667 πεπραμένα

575 1669 886 1740 ΠΛΟΙΑΚΑΙΟΙΣ
1313 1687 1444 1776 πλοῖα,
1465 1681 1526 1762 καὶ
1546 1679 1600 1767 οἷς

476 1787 522 1856 10
573 1791 880 1862 ΑΝΕΠΠῪΧΘΗ
1311 1789 1359 1874 ἂν
1379 1797 1557 1903 ἐπιταχθῇ

571 1911 779 1979 ΤΙΩΝΙΩΝ
798 1959 808 1978 .
836 1959 846 1980 .
867 1914 923 1981 ΕΝ
1313 1951 1348 1996 τι
1367 1916 1483 1996 ὠνίων
1503 1920 1601 1997 ε’νεν-

574 2031 851 2101 ΕΧΘΕΝΛΑΜΒ
1312 2040 1433 2144 εχθέν,
1453 2039 1602 2141 λαμβά-

573 2151 982 2225 ΝΟΝΤΟΣΠΑΝΤΟΣ
1304 2161 1444 2244 ’νοντας
1462 2159 1601 2246 παντὸς
1619 2197 1713 2243 παν-

572 2274 954 2346 ΝΤΑΚΑΤΑΟΥΤΙΔΙ
1311 2312 1369 2375 τα,
1392 2278 1486 2361 κατὰ
1505 2283 1585 2362 οὔτι
1605 2287 1659 2363 δι-

474 2391 519 2460 15
574 2393 871 2464 ΚΑΙΩΝΕΝΒΑΛ
1310 2399 1422 2478 καίων
1441 2403 1582 2500 ἐμβαλ-

570 2513 903 2584 ΛΟΜΕΝΩΝΕΑΝ
1311 2514 1491 2616 λομένων·
1523 2517 1587 2600 ε’ἃν

572 2634 982 2705 ΔΕΟ...ΑΥΤΟΣΤο
1310 2631 1351 2712 δὲ
1369 2637 1391 2715 ,ὁ
1410 2643 1528 2716 ποιῶν
1546 2636 1656 2723 αὐτὸς
1675 2639 1743 2722 τὸν

607 2753 1013 2826 ΛΟΟΝΑΝΑΠΛΩΣΗ
1308 2751 1431 2835 πλόον
1450 2759 1659 2866 ἀναπλῶσῃ

573 2873 702 2942 ΠΡΟΣ
1309 2871 1404 2977 πρὸς·
1425 2874 1553 2980 Μύρα,
1572 2875 1624 2980 μὴ

471 2988 520 3058 νο
574 2992 1142 3068 ηΑ..ΔιΔοΝτοῑαΑΝτοῑ
1308 2997 1579 3098 παραδέδωκας
1598 2999 1737 3088 παντὸς

570 3111 787 3181 ΤΟΝΝΑΥ.
809 3115 1101 3184 ,ΝΚΑΘΥΠΟΔ
1307 3109 1374 3193 τὸν
1394 3125 1533 3196 ναῦλον
1551 3125 1712 3200 καθυπο-

573 3233 597 3300 Ε
611 3277 880 3300 ...........
900 3236 1146 3306 ΕΙΣΕΤΑΙΤΩ
1309 3235 1513 3338 δειχθέντα,
1532 3239 1770 3324 ὑποκείσεται
1789 3249 1840 3352 τῷ

698 3353 1078 3425 ΓΕΓΡΑΜΜΕΝΩΠΕ
1306 3359 1624 3469 προγεγραμμένῳ
1641 3367 1726 3466 περὶ
1746 3370 1812 3466 τῆς

952 3476 1028 3544 ΜΩ
1307 3475 1572 3578 πορθμεύσεως
1592 3477 1704 3590 νόμῳ.
1923 3477 1927 3494 ’

471 3653 724 3723 ΤΟΥΤΗΝΟ.
777 3651 920 3726 Deinde
938 3653 983 3726 ad
1002 3680 1035 3726 v.
1056 3659 1089 3728 5.
1109 3658 1201 3732 bene
1218 3665 1422 3758 procedunt
1438 3683 1577 3746 cuncta.
1621 3675 1665 3746 In
1685 3679 1769 3752 6-8.
1784 3683 1863 3755 obv.

471 3774 1154 3852 ΤΛΕΥΣΕΙΔΕΜΟΝΚΤΑΑΠΟΤΕΤΡ
1169 3797 1194 3855 ::
1212 3790 1347 3860 ΝΕΝΑ.
1373 3789 1547 3886 Expressi
1561 3801 1863 3890 ΑΝΑΠΛΕΥΣΕΙ,

473 3911 547 3960 non
565 3899 703 3962 tantum
723 3914 771 3962 ex
789 3891 949 3990 vestigiis
969 3893 1177 3991 (levissimis
1195 3903 1300 4002 sane)
1320 3906 1504 4005 inlepide,
1524 3913 1588 3987 ned
1613 3917 1699 4013 quia
1723 3945 1864 4018 persue-

475 4033 553 4080 sum
572 4032 630 4080 me
647 4007 764 4082 habeo
782 4008 842 4082 hie
859 4011 918 4108 egi
935 4007 981 4083 de
999 4014 1119 4088 reditu
1136 4017 1183 4090 ad
1199 4034 1344 4116 portum
1362 4025 1579 4124 Myrensem.
1619 4036 1758 4136 Nempe
1776 4045 1863 4140 pub-

474 4131 581 4203 licata
598 4128 742 4201 fuerant
758 4130 854 4202 bone
871 4128 1113 4206 maleficorum
1133 4138 1230 4232 apud
1247 4139 1496 4241 Limyrenses;
1523 4175 1569 4224 ne
1587 4177 1674 4226 vero
1691 4155 1861 4234 damnum

475 4249 654 4324 accideret
672 4251 893 4336 transvecti&
912 4255 1187 4348 permittebatur
1203 4259 1246 4332 iis
1260 4273 1301 4334 ut
1318 4264 1576 4344 reveherentur
1586 4298 1667 4348 eum
1683 4281 1862 4355 mercibus
