3994 5244
507 532 569 596 208
914 531 1266 600 INSCRIPTIONES
1288 534 1481 602 GRAEOAE.
1647 543 1880 624 [roseaceum.

507 745 585 794 esse
608 717 783 794 Osiridem
810 731 847 793 et
867 719 1020 809 Horam,
1039 723 1103 819 qui
1123 748 1205 798 cum
1234 724 1331 798 Iside
1354 724 1493 800 faciunt
1509 725 1662 800 triadem
1680 727 1878 802 Philensem.
1968 783 1971 800 .

507 847 551 918 In
569 870 602 918 v,
622 848 658 918 4.
677 843 811 917 dicitur
826 835 1090 920 Ἀπολλωνίου
1119 843 1179 922 καὶ
1203 843 1410 922 Διονυσίου
1426 840 1658 950 'Emporion
1674 866 1725 932 ut.
1740 856 1777 928 in
1792 857 1878 930 Fac.

507 993 709 1045 11.n.x1.1v.
732 972 789 1042 16.
804 961 987 1067 Αὐρήλιοι
1005 961 1201 1070 Θεόδωρος
1220 969 1281 1046 καὶ
1299 964 1516 1069 Ὀνήσιμοο,
1536 977 1602 1050 eui·
1613 979 1705 1052 conf.
1723 1003 1839 1054 nxxrv.
1850 987 1877 1054 5.

507 1098 587 1170 Hos
604 1107 791 1194 nuncupat
808 1095 1076 1172 Theomnestus
1093 1088 1333 1192 Ἐπιστάτος,
1351 1124 1473 1174 secum
1483 1104 1712 1200 consociatos
1728 1106 1765 1178 in
1775 1108 1877 1180 Nono

506 1221 799 1308 administrando,
827 1221 980 1318 proinde
1007 1236 1110 1296 erant
1133 1213 1359 1297 Ἐπιστάται
1388 1225 1454 1298 τοῦ
1477 1223 1609 1319 Νομοῦ
1637 1255 1788 1328 quorum
1812 1246 1877 1308 emt

501 1343 586 1438 jura
602 1354 640 1417 et
655 1343 754 1441 leges
780 1343 900 1417 tuerit
964 1343 1025 1419 Sic
1047 1343 1230 1418 habebant
1249 1347 1403 1419 Romani
1420 1345 1605 1442 Praetores,
1622 1375 1699 1438 nos,
1716 1351 1876 1427 Armua

505 1459 714 1550 Barrirtcra
737 1459 923 1538 Ctairmen
939 1464 986 1560 of
997 1458 1166 1550 Cornua,
1187 1463 1295 1551 Scoti
1315 1465 1470 1566 Sberaffs.

1070 1758 1277 1836 CCCLXI.
1304 1785 1333 1833 a.

581 1947 655 2022 Hic
682 1947 810 2022 titulus
836 1945 1039 2043 insculptus
1067 1942 1186 2017 suerat
1215 1944 1323 2040 juxta
1353 1941 1491 2016 aditum
1521 1943 1705 2018 conclavis
1730 1945 1766 2018 in
1789 1955 1871 2042 parte

506 2095 645 2144 summa
661 2068 793 2142 aedium
816 2051 935 2153 Isidis,
960 2077 1288 2160 commemoratque
1307 2063 1552 2138 adorationem
1578 2065 1764 2162 eujusdam
1777 2063 1872 2156 Scret-

505 2189 611 2274 οήἑυο,
625 2185 799 2284 principis
812 2183 1074 2270 vestiariorum,
1087 2183 1148 2257 cui
1157 2196 1261 2280 pater
1270 2194 1348 2257 erat
1361 2183 1721 2281 prophetaPackrtm,
1731 2197 1766 2260 et
1777 2196 1871 2258 mater

510 2307 697 2383 Tsaaaat.
751 2306 911 2401 Tempus
928 2315 1074 2377 notatur
1095 2304 1134 2377 in
1155 2327 1229 2400 quo
1246 2328 1377 2378 munus
1395 2329 1499 2378 suum
1516 2305 1683 2392 iniverat
1707 2331 1752 2380 sc.
1776 2327 1871 2378 annus

505 2423 653 2522 epochae
670 2421 889 2495 Diocletiani
909 2422 1010 2511 165.;
1038 2419 1170 2494 deiude
1193 2419 1314 2493 fratris
1337 2421 1416 2517 ejus
1432 2419 1534 2497 Smer
1561 2425 1735 2512 meminit
1763 2424 1818 2521 qui
1840 2424 1870 2494 in

504 2547 625 2620 locum
654 2541 841 2641 prophetae
857 2539 1034 2628 Smetcbta
1059 2539 1126 2614 filii
1155 2539 1342 2638 prophetae
1359 2539 1533 2629 Pachom,
1561 2555 1785 2638 successerat
1802 2565 1870 2618 cum

505 2689 579 2760 quo
604 2663 768 2738 adiverat
788 2661 911 2736 Philas
934 2660 980 2734 ad
1001 2661 1118 2734 officia
1135 2687 1199 2734 sua
1216 2657 1460 2760 transigenda
1506 2665 1684 2739 Precatur
1700 2664 1819 2738 Isidem
1841 2673 1871 2733 et

504 2783 686 2861 Osiridem
703 2796 746 2856 ut
762 2783 832 2856 sibi
848 2782 966 2856 fausta
983 2793 1021 2854 et
1036 2781 1157 2855 felicia
1173 2782 1387 2856 ominentur.

580 2904 713 2977 Annus
724 2899 873 2995 diesque
890 2899 929 2971 in
945 2899 1087 2998 integro
1098 2899 1206 2973 titulo
1218 2901 1448 2997 apparebant,
1460 2925 1616 2998 quorum
1626 2905 1725 3002 prior
1736 2899 1867 2976 effluxit:

502 3025 572 3111 hic,
589 3023 627 3096 in
645 3019 850 3095 calendario
867 3019 944 3092 fixo
961 3033 1039 3093 erat
1055 3042 1133 3094 ΧΠ.
1153 3019 1228 3096 Cal.
1249 3023 1276 3096 J
1277 3021 1451 3095 annuus.

578 3149 624 3221 In
645 3172 678 3219 v.
701 3149 733 3218 1.
760 3133 1012 3240 προσκύυημο
1034 3143 1171 3242 pendet
1197 3144 1243 3218 de
1274 3139 1438 3239 ἐποίησε,
1456 3145 1557 3242 quod
1584 3145 1799 3230 subauditur,
1813 3139 1869 3216 uisi

501 3274 604 3347 malis
632 3269 821 3345 admittere
852 3269 1033 3368 syntaxim
1063 3294 1173 3367 prave
1196 3269 1439 3358 constitutam,
1464 3259 1796 3368 πρωτοστολιυτὴυ
1816 3287 1869 3365 pro

501 3393 853 3496 πρωτοστολιστοῦ,
880 3393 980 3490 quod
1006 3419 1091 3468 sane
1117 3395 1380 3493 ignoscendum
1407 3409 1463 3472 est
1490 3398 1667 3472 scribenti
1691 3399 1728 3472 iu
1756 3393 1857 3470 11-13

502 3511 579 3616 ἅμα
606 3521 674 3595 τοῦ
704 3514 873 3619 ἀδελφοῦ
890 3557 904 3572 ·
928 3558 942 3572 ·
966 3557 981 3572 ·
1004 3513 1061 3590 -d
1093 3508 1278 3618 διάτοχος.
1329 3518 1525 3597 Smetcte‘m
1556 3515 1867 3620 (Cum-xm)

500 3657 652 3746 praeerat
669 3643 902 3718 vestitoribus
920 3645 1030 3718 sacris
1049 3643 1313 3744 (στολισταῖς)
1341 3669 1496 3742 quorum
1514 3647 1673 3724 officium
1696 3659 1769 3724 erat
1783 3645 1869 3718 sinu·

500 3772 597 3844 lucra
614 3767 764 3840 deorum
782 3766 821 3838 in
838 3765 982 3863 templis
996 3765 1220 3839 vestimentis
1233 3791 1361 3842 ornare
1375 3792 1488 3864 quum
1505 3769 1598 3844 festa
1615 3796 1681 3846 seu
1695 3783 1868 3868 panegyres

499 3895 728 3968 haberentur.
779 3890 878 3963 Hinc
895 3891 934 3962 in
951 3890 1172 3964 Rosettensi'
1188 3905 1374 3981 vocantur,
1398 3890 1433 3966 οὶ
1462 3892 1514 3972 εἷς
1532 3884 1576 3969 τὸ
1606 3887 1742 3970 ἄδυτον
1759 3889 1867 3964 ricro-

538 4143 550 4166 “
564 4125 891 4190 VideLetronn.adtit.
900 4123 1028 4185 Philens.
1043 4141 1131 4184 xxvt.
1141 4127 1170 4185 5.
1261 4123 1355 4184 'Scit
1378 4145 1426 4184 vv.
1445 4125 1513 4192 6-7.
1553 4127 1623 4186 Vid.
1651 4137 1711 4186 not
1738 4125 1808 4182 Iaetr.
1826 4115 1868 4176 ubi

498 4232 552 4290 ubi
575 4247 673 4306 supra,
688 4246 715 4303 p.
732 4228 800 4284 342.
822 4233 852 4284 et
873 4225 998 4303 Peyron.
1012 4223 1049 4282 ad
1062 4223 1170 4302 Papyr.
1221 4243 1320 4302 supra,
1334 4243 1363 4302 p.
1379 4223 1446 4289 267.

499 4329 620 4390 Taurin.
633 4325 677 4384 ibi
690 4324 778 4383 citat,
