3918 5240
466 534 528 597 164
881 525 1237 595 INSCRIPTIONES
1261 524 1454 592 GRAECAE.
1560 527 1684 608 [rusca.
1699 543 1851 590 ocenias.

465 729 568 790 tram.
606 713 846 789 Simulacrum
868 713 1023 786 Isiacum
1042 713 1141 809 quod
1159 715 1324 810 proxime
1339 715 1465 802 stabat,
1475 716 1658 788 recentius
1672 715 1853 813 sculptum,

465 842 637 938 pleraque
655 838 834 910 elementa
852 837 950 910 tituli
967 836 1162 910 deleverat.
1216 839 1308 932 Quae
1329 851 1466 912 restant
1483 863 1570 912 vero
1598 840 1684 913 satis
1710 839 1854 913 edocent

467 985 534 1033 nos
551 959 685 1033 habere
704 981 940 1056 proscynema
965 971 1139 1055 regnante
1158 959 1355 1032 Ptolemaeo
1373 957 1589 1032 Alexandro
1608 961 1636 1032 Ι.
1663 959 1854 1047 factumst

467 1081 513 1154 ad
530 1079 724 1153 formulam
743 1077 942 1151 solemnem
959 1079 1210 1175 compositum,
1230 1079 1306 1152 scil.
1326 1079 1667 1153 commemoratione
1685 1081 1724 1152 in
1741 1082 1855 1178 primis

466 1203 561 1276 facta
594 1201 691 1298 regis
719 1198 843 1296 ipsius,
869 1195 1002 1270 deinde
1028 1197 1194 1295 conjugis
1220 1209 1258 1271 et
1286 1197 1494 1284 liberorum,
1520 1199 1685 1295 apposita
1711 1199 1854 1273 subinde

467 1332 553 1394 nota
570 1319 751 1416 temporis.
800 1318 891 1410 Quae
908 1315 1083 1414 descripsi
1095 1317 1217 1391 omnia
1229 1318 1428 1391 certissime
1441 1330 1608 1392 constant
1623 1333 1756 1416 praeter
1771 1319 1853 1392 illud

471 1447 535 1514 ΠΛ
548 1441 584 1512 in
603 1465 635 1510 v.
652 1443 682 1510 7.
701 1462 768 1534 pro
786 1461 860 1532 quo
878 1436 1011 1510 chartis
1029 1438 1186 1534 primum
1203 1438 1373 1512 mandavi
1389 1443 1450 1514 ΦΑ
1465 1437 1499 1510 h.
1511 1463 1543 1512 e.
1559 1443 1791 1516 ΦΑΜΕΝΩΘ
1803 1440 1855 1512 vel

467 1563 725 1638 ΦΑΡΜΟΥΘΙ.
779 1557 938 1633 Constiti
955 1560 993 1630 in
1013 1564 1079 1632 ΠΛ
1095 1557 1194 1653 quod
1212 1556 1303 1632 dicis
1320 1583 1446 1631 caussa
1463 1559 1609 1656 explevi
1629 1567 1800 1636 ΠΑΧΩΝ.

550 1679 741 1752 Elementa
756 1686 846 1754 ΑΛΕ
861 1680 900 1752 in
917 1704 949 1752 v.
963 1683 994 1754 3.
1009 1679 1214 1753 luculenter
1229 1679 1394 1752 indicant
1405 1685 1728 1756 ΑΛΕΞΑΝΔΡΟΥ.
1779 1681 1853 1753 Duo

470 1815 573 1877 erant
590 1801 739 1901 Lagidae
766 1801 817 1876 ita
844 1801 1025 1900 appellati,
1051 1827 1181 1900 nempe
1208 1800 1305 1874 filius
1330 1803 1521 1899 Evergetae
1538 1813 1575 1873 et
1593 1800 1794 1898 Cleopatra
1809 1801 1851 1872 Π.

469 1929 651 2023 fraterque
682 1927 830 2013 Soteris,
872 1925 936 2020 qui
969 1947 1123 2022 regnum
1148 1922 1308 1997 consiliis
1334 1921 1505 1995 maternis
1531 1922 1578 1995 ab
1604 1921 1853 1995 Alexandrinis

471 2049 622 2148 adeptus
647 2060 703 2122 est
727 2049 766 2121 in
791 2073 886 2121 anno
901 2049 949 2120 A.
965 2046 1009 2122 C.
1032 2049 1111 2120 107.
1130 2046 1320 2140 tenuitque
1337 2042 1383 2117 ad
1400 2065 1517 2138 usque
1535 2067 1590 2115 an.
1610 2045 1669 2116 90.
1689 2066 1763 2138 quo
1779 2055 1853 2115 tem·

470 2194 559 2268 pore
577 2180 797 2243 coactusest
813 2193 835 2241 a
851 2167 993 2240 civibus
1012 2189 1050 2240 se
1066 2165 1218 2262 imperio
1235 2161 1403 2236 abdicare
1427 2160 1662 2260 parricidium
1680 2183 1852 2234 exsecran-

472 2295 602 2368 ubusm.
655 2292 804 2388 Conjux
822 2293 911 2388 ejus,
928 2291 967 2362 in
981 2315 1013 2363 v.
1034 2293 1067 2362 5.
1085 2290 1214 2387 procul
1239 2289 1352 2362 dubio
1369 2279 1614 2384 memorata,vi
1633 2278 1853 2374 βασίλισσα,

472 2427 550 2488 erat
568 2413 763 2511 Cleopatra
779 2411 854 2486 filia
873 2411 1010 2487 Soteris
1029 2413 1092 2484 119

547 2534 665 2619 Alter,
684 2533 760 2606 scil.
773 2531 1060 2616 PtolemaeusX,
1078 2528 1175 2603 filius
1193 2541 1271 2603 erat
1287 2529 1494 2603 Alexandri
1513 2531 1541 2603 1.
1560 2543 1598 2604 et
1615 2530 1660 2603 ad
1676 2531 1853 2628 imperium

473 2665 622 2728 vocatus
640 2664 695 2725 est
712 2663 857 2724 mortuo
877 2649 1015 2724 Sotere.
1070 2647 1142 2723 Sed
1159 2661 1259 2722 vetat
1283 2647 1537 2723 brevissimum
1564 2649 1793 2722 intervallum
1815 2671 1854 2719 ne

474 2773 519 2846 de
536 2772 607 2846 hoc
624 2771 834 2870 cogitemus,
861 2791 944 2842 nam
970 2779 1052 2866 post
1077 2767 1174 2841 diem
1192 2767 1505 2842 undevicesimum
1522 2769 1562 2842 in
1579 2769 1749 2842 exsilium
1766 2781 1854 2842 actus

474 2907 529 2966 est
544 2893 591 2965 ab
609 2890 872 2965 Alexandrinis
889 2891 928 2962 in
947 2913 1100 2988 quorum
1119 2889 1204 2963 odia
1219 2890 1421 2964 incurrerat
1443 2902 1592 2990 propter
1608 2889 1745 2968 cadem
1762 2893 1855 2966 Bere

474 3012 584 3086 uices.

550 3131 714 3205 Titulum
741 3143 779 3204 et
803 3130 902 3206 hunc
919 3145 957 3207 et
974 3143 1185 3228 sequentem
1202 3129 1347 3205 cuidam
1365 3156 1460 3205 anno
1484 3133 1580 3206 inter
1599 3136 1656 3208 97.
1675 3145 1714 3209 ct
1731 3131 1846 3208 tutri-

473 3252 624 3326 buerim.
686 3253 769 3326 Hoc
794 3253 842 3326 ob
869 3277 1003 3326 nomen
1032 3253 1156 3326 matris
1184 3251 1366 3337 omissum,
1393 3253 1494 3349 quod
1519 3278 1569 3328 ex
1594 3253 1684 3329 actis
1713 3253 1854 3355 publicis

474 3385 663 3446 extrusum
682 3383 846 3446 statuunt
862 3397 928 3472 per
945 3385 1063 3447 totum
1079 3370 1173 3445 illud
1189 3371 1446 3446 intervallum0.

474 3608 544 3657 tona
556 3597 713 3674 aliqnando
731 3599 932 3676 proferuntur,
942 3600 1085 3679 originem
1098 3620 1147 3661 sos
1196 3600 1252 3660 vol
1260 3617 1302 3660 ιν.
1316 3620 1344 3678 p.
1356 3605 1403 3662 20.
1415 3601 1444 3662 b.
1468 3601 1577 3662 uad·-
1593 3613 1657 3663 erat
1671 3624 1756 3682 quam
1769 3614 1855 3682 postea

474 3697 623 3774 agnovisse
635 3696 827 3773 peregrinam.
948 3691 950 3696 ’
1196 3699 1365 3760 Alexander
1379 3703 1429 3771 II.,
1443 3711 1563 3762 auctore
1576 3703 1668 3772 Sulla,
1680 3703 1768 3762 duxit
1778 3713 1855 3778 atque

514 3807 533 3832 ²
547 3799 592 3857 De
616 3799 663 3856 his
689 3799 824 3856 omnibus
851 3799 1023 3876 singillatim
1049 3799 1144 3859 conse·
1194 3798 1226 3856 in
1246 3799 1294 3858 die
1314 3801 1398 3878 regni
1418 3811 1496 3861 x1x¹.
1516 3803 1606 3861 morti
1632 3803 1723 3864 dedit.
1742 3803 1854 3881 Appian.
1944 3861 1945 3864 ,

475 3906 581 3956 rantur
595 3917 671 3973 seqq.
712 3897 910 3961 Pausan.1.9.
926 3899 980 3955 l.s.
1002 3896 1144 3956 Strab.ru
1193 3897 1477 3960 omoiousion.
1526 3901 1609 3960 Cous.
1624 3902 1762 3962 Ietronu
1775 3903 1854 3962 Itum.

476 3999 503 4056 a.
517 3993 665 4072 arear.
692 3995 950 4054 austrannus.
965 3998 1030 4054 aa
1042 3997 1068 4053 4.
1080 3992 1145 4054 με.
1194 3977 1321 4075 dat’Ji'q.
1335 4016 1355 4056 ι.
1369 4019 1397 4077 p.
1409 3998 1456 4064 69.
1472 4009 1503 4059 a
1518 4000 1585 4060 rai.
1598 4000 1759 4078 cimona.
1777 4021 1803 4079 p.
1816 3999 1855 4063 79.

476 4100 504 4158 5.
519 4098 543 4153 1.
1196 4099 1283 4174 cnjus
1303 4099 1390 4158 fidem
1410 4110 1554 4176 sequutus
1568 4121 1634 4160 sum
1652 4103 1683 4160 in
1704 4111 1855 4182 temporum

516 4205 528 4231 ³
543 4197 614 4255 Hac
633 4203 663 4254 et
676 4196 809 4254 Berenice
827 4194 951 4266 audivit,
975 4205 1006 4256 et
1022 4197 1078 4256 snb
1092 4195 1148 4256 hoo
1197 4198 1309 4257 ratione
1321 4197 1484 4258 definienda
1498 4199 1548 4259 hic
1561 4211 1592 4260 et
1605 4201 1683 4262 alibi.

476 4296 592 4356 nomine
614 4295 736 4373 ponitur
758 4295 790 4353 in
816 4313 938 4356 recensu
959 4295 1145 4367 Eckheliano,
1236 4297 1404 4358 ⁰Letroun.
1419 4298 1490 4360 ibid.
1506 4298 1643 4378 pp.76.s.
