3994 5244
150 539 250 586 usos.
266 517 474 606 cocturis]
751 515 934 582 THEBAE.

500 688 550 746 Me
563 687 697 744 Persicus
710 686 833 745 violavit
845 686 900 744 hoc
914 705 1018 744 sexum
1033 685 1141 756 furens,

498 786 636 845 Effictum
651 787 705 845 Eoi
719 788 756 844 nd
770 787 916 864 Principis
929 787 1093 863 imaginem.

498 885 613 942 Sortem
627 885 763 960 querenti
777 883 940 942 Memnonis
954 883 1053 942 suerat
1066 883 1119 942 diu

498 985 567 1043 Vox
580 985 734 1054 luctuoso;
756 984 912 1061 Cambyses
925 982 1039 1040 dudum
1052 981 1184 1040 obstulit.

498 1084 575 1142 Mihi
588 1083 677 1142 surde
690 1084 760 1141 flere
773 1082 896 1158 eloquin,
911 1082 1067 1139 lsbessotos
1081 1101 1174 1150 sonos,

500 1183 529 1240 N
531 1203 588 1241 uno
602 1183 697 1240 solum
711 1181 799 1252 adest,
818 1181 973 1239 simulacra
985 1179 1104 1238 honoris
1117 1181 1244 1257 pristini.

420 1351 505 1409 Cette
517 1349 654 1426 pierre-ci
667 1369 725 1425 que
738 1358 772 1406 tu
786 1350 848 1406 vois
862 1348 1005 1427 Cambyse
1017 1348 1137 1406 m’ersit
1150 1349 1302 1425 tronquse,

420 1449 439 1506 J
442 1448 503 1505 adis
518 1449 535 1506 ὲ
549 1448 578 1504 ln
591 1448 753 1506 semblence
766 1447 808 1504 du
822 1447 877 1505 Roi
891 1446 1026 1504 d’Orient
1040 1447 1181 1524 sculptis

419 1547 462 1603 Lo
474 1546 589 1604 mienne
601 1541 676 1603 ituit
688 1545 757 1622 long
771 1555 865 1621 temps
879 1546 908 1602 le
921 1545 990 1602 voix
1004 1546 1056 1620 qui
1071 1564 1100 1604 se
1114 1545 1256 1622 plaignsit

420 1647 478 1704 Des
492 1644 639 1702 melheurs
653 1644 688 1704 de
702 1647 858 1703 Memnon:
880 1646 1023 1723 Cambyse
1036 1645 1075 1702 l’s
1087 1655 1155 1703 tout
1168 1645 1300 1703 abstrait.

421 1747 474 1803 Ces
487 1763 587 1802 nocens
600 1745 790 1813 meintensnt,
805 1742 955 1814 brouills‘ss,
971 1745 1065 1820 pleins
1080 1744 1116 1802 de
1131 1745 1265 1813 douleur,

421 1845 466 1902 De
478 1863 547 1902 mon
561 1853 622 1901 sort
635 1843 806 1920 primordisl
819 1843 906 1900 triste
918 1842 1040 1918 relique,
1051 1842 1083 1917 je
1096 1843 1192 1919 pleur.

421 2009 468 2066 Me
483 2009 639 2087 Cambyses
653 2007 863 2066 defso’d-this
877 2007 1055 2066 stonework
1069 2025 1129 2085 you
1143 2005 1257 2072 behold,

421 2107 594 2184 Sculptur'd
606 2117 639 2165 to
654 2108 815 2166 semblence
828 2109 862 2165 of
872 2107 922 2165 the
936 2107 1059 2164 Ecstern
1074 2107 1157 2182 King
1171 2107 1204 2163 os
1213 2105 1269 2164 old.

419 2205 501 2263 Mine
514 2205 571 2264 hod
585 2206 636 2264 the
649 2207 744 2284 plaint
757 2206 791 2264 of
800 2205 924 2283 anguish
936 2207 1010 2264 been
1024 2205 1057 2262 of
1066 2205 1182 2262 ancient
1196 2205 1267 2282 dsys

420 2308 477 2365 For
492 2309 653 2366 Memnon’s
667 2327 759 2366 woes:
781 2309 838 2365 but
852 2307 944 2366 still’d
957 2306 1023 2364 thet
1037 2307 1117 2364 voice
1131 2303 1203 2362 heth
1214 2306 1379 2382 Cambyses.

420 2405 450 2461 It
463 2425 529 2463 now
542 2405 755 2474 dismember’d,
769 2405 852 2474 seint,
868 2406 901 2463 os
910 2405 950 2462 sil
963 2406 1002 2462 its
1015 2405 1110 2462 music
1124 2403 1221 2468 shorn,

421 2502 479 2560 Sed
493 2503 564 2561 relic
577 2503 610 2560 os
619 2523 668 2581 my
679 2503 783 2561 earlier
796 2503 921 2582 destiny,
938 2505 952 2560 I
966 2501 1091 2560 mourni

220 2677 427 2753 Ediderunt
468 2679 567 2754 hunc
596 2681 743 2754 titulum
778 2680 1006 2766 Pocockius'¹,
1043 2681 1286 2767 Hamiltonus,
1321 2683 1537 2779 Walpolius,

147 2797 375 2884 Welckerus,
394 2801 607 2875 Jacobsius:
637 2801 758 2874 denuo
776 2825 824 2875 ex
842 2801 985 2875 schedis
1006 2801 1109 2876 Saltii
1128 2803 1357 2874 Letronnius.
1409 2803 1539 2877 Praeci-

146 2941 215 3014 pue
239 2917 398 2992 notanda
420 2919 574 2992 veniunt
599 2945 699 3016 seqq.
751 2921 795 2992 In
813 2945 845 2992 v.
860 2924 890 2993 1.
908 2919 956 2992 P.
970 2919 1021 2992 Η.
1040 2921 1077 2993 S.
1095 2924 1417 3008 ΤΡΕΒΟΥΛΛΑΟ,
1439 2923 1539 3018 quod

145 3039 273 3134 nequit
290 3063 366 3112 esse
384 3063 488 3112 casus
507 3039 687 3113 secundus
704 3065 752 3113 ex
770 3055 869 3114 recto
882 3045 1162 3115 ἸῬΕΒΟΥΛΛΑ
1173 3041 1243 3113 nisi
1260 3042 1468 3115 Dorismum
1482 3069 1539 3141 ag-

146 3161 291 3232 noveris
313 3161 359 3232 ab
384 3159 454 3233 hoo
474 3159 555 3233 loco
573 3160 739 3232 alienum.
794 3159 854 3234 Sic
871 3159 909 3231 in
927 3181 1143 3234 ccouxxxn.
1162 3162 1192 3230 1.
1211 3171 1309 3232 recte
1326 3165 1539 3235 ἸῬΕΒΟΥΛ

144 3285 256 3353 otte.
311 3281 422 3352 Error
440 3292 540 3352 ortus
558 3293 612 3352 est
630 3304 651 3352 a
668 3279 774 3352 titulo
791 3279 992 3352 recentiore
1011 3277 1244 3350 dextrorsum
1263 3279 1407 3376 sculpto
1433 3283 1537 3376 cujus

146 3425 272 3474 versus
290 3401 382 3473 2dus
410 3401 448 3472 in
472 3399 599 3472 eodem
625 3399 750 3472 ordine
775 3411 846 3472 stat
872 3421 955 3471 cum
985 3401 1066 3469 lmo
1094 3397 1218 3482 nostri,
1236 3396 1468 3493 decurritque
1493 3403 1540 3474 ad

145 3525 244 3600 hunc
272 3526 429 3611 modum,
453 3525 1316 3600 ΕΜΗΟΔΑΜΑΡΤΟΟΗΝΕΧΟΙΜΟΟΟΝΦΕΓ
1317 3530 1342 3595 Γ
1344 3528 1418 3597 MA
1445 3553 1478 3597 κ.
1500 3531 1538 3597 λ.

146 3647 218 3720 Hic
232 3647 347 3743 prima
358 3660 413 3719 est
427 3654 454 3720 Ε
467 3671 575 3742 quam
590 3669 774 3743 sumpsere
786 3645 856 3717 viri
869 3643 968 3717 docti
979 3669 1046 3740 pro
1057 3647 1103 3726 G,
1115 3641 1210 3728 dein,
1228 3643 1410 3740 geminato
1425 3645 1537 3742 lapsu,

146 3768 191 3840 sd
207 3773 487 3841 ΤΡΕΒΟΥΛΛΑ
504 3767 718 3840 adnexuere.
772 3767 826 3839 Re
844 3765 930 3862 ipsa,
949 3764 1075 3838 eadem
1093 3777 1149 3837 est
1168 3764 1344 3837 Trebulla
1361 3789 1442 3860 quse
1466 3781 1539 3841 tres

146 3887 399 3984 inscriptiones
416 3911 500 3960 cum
520 3886 666 3958 nomine
684 3883 850 3982 adposito
863 3883 1062 3970 contexuit,
1078 3893 1115 3956 et
1131 3881 1256 3980 primis
1277 3882 1348 3982 (nil
1366 3886 1496 3958 mirum
1510 3889 1538 3982 I)

185 4141 198 4164 “
213 4131 274 4188 Ubi
288 4147 385 4206 suprs,
400 4148 449 4186 nn.
459 4130 570 4197 2021,
583 4128 674 4186 titulo
682 4127 817 4185 bifariam
866 4127 969 4204 Epipr.
983 4147 1011 4202 p.
1026 4128 1101 4194 292,
1117 4125 1255 4193 Juoobsii,
1271 4126 1302 4182 in
1318 4126 1470 4186 Denksctr.
1485 4139 1539 4186 stc.

147 4241 232 4298 secto,
247 4239 284 4287 ut
296 4229 375 4285 nlibi.
416 4228 483 4285 Loc
503 4227 629 4304 Welpol.
644 4237 689 4285 est
705 4227 736 4284 in
749 4227 816 4284 libr.
867 4247 916 4305 pp.
937 4229 1053 4294 39-42,
1078 4225 1217 4282 Letronn.
1237 4225 1269 4281 in
1285 4224 1356 4284 Acti.
1378 4237 1431 4285 eto.
1452 4249 1478 4304 p.
1493 4232 1539 4288 55.

150 4329 261 4388 Proseis
282 4330 312 4384 io
334 4327 376 4385 the
397 4327 479 4396 Eoo,
503 4345 530 4403 p.
547 4329 625 4395 595,
648 4327 771 4384 Humilt
786 4327 817 4383 in
868 4343 896 4382 n.
913 4339 986 4382 xm.
1000 4321 1089 4380 tabl.
1104 4324 1152 4380 55.

147 4427 307 4504 AEqyptiae
335 4445 362 4503 p.
384 4426 456 4496 173,
482 4425 638 4494 Welokeri,
665 4427 696 4482 in
716 4423 818 4500 syuoq.
