3994 5242
906 428 956 494 IN
959 428 1259 496 SCRIPTIONES
1281 430 1472 498 GRAEGAE.
1513 433 1862 524 [trecassensem.

674 621 1345 694 ΜΑΥΡΔΗΜΗΤΡΙΟΣΟΠΛΩΝΟΣ

668 737 1429 808 ΤΟΥΔΗΜΗΤΡΙΟΥΟΛΥΜῬΝΟΣΤΟΝ

666 849 1433 922 ΠΜΟΜΑΤΕΣΚΕΥΑΣΕΜΑΥΤΩΚΑΙ

669 960 1560 1034 ΙῪΝΑΙΚΙΜΟΥΑΥΡΖΩΣΙΜἙΥΝΟΜΟΥΤΡΙΣ

596 1073 617 1142 5
668 1073 1547 1144 ΟΛΥΜἹΜΑΙΤΕΚΝΟΙΣΚΑΙΕΓΓΟΝΟΙΣΕἜ

666 1183 1534 1258 ΡΩΔΕΜΜΕΝΙΕΞΟΜΙΝΑΙΕΝΚΗΔΕΥΣΑΙ

664 1297 1572 1371 Truaeffitosstezstfittoxettttxttmeffi

668 1407 1792 1506 ΗΦΑΙΠΩΧΘΩΝΟΕΛΕΝΞΑΣΛῦΝΨΕΤΑΙΤΟΤΡΙΤΟΝ

545 1608 737 1704 Descripta
757 1605 929 1681 indidem.
982 1607 1195 1704 Sepulcrum
1217 1608 1358 1706 paravit
1374 1607 1592 1693 Demetrius,
1609 1605 1706 1680 filius
1722 1606 1861 1704 Hoplo

470 1729 537 1814 nis,
560 1727 649 1800 civis
671 1727 907 1826 Olympenus‚
926 1727 996 1802 sibi
1016 1741 1054 1802 et
1070 1729 1179 1804 uxori
1199 1730 1277 1826 ejus
1296 1729 1449 1803 Zosimus
1471 1729 1636 1823 natisque
1659 1752 1710 1801 ex
1728 1727 1801 1802 illis
1824 1737 1861 1801 et

469 1846 671 1946 nepotibus.
723 1847 870 1921 Nemini
886 1846 990 1921 alteri
1006 1846 1218 1921 conceditur
1239 1871 1327 1922 usus
1347 1847 1415 1922 sub
1435 1871 1541 1944 poena
1560 1846 1684 1922 multae
1700 1845 1772 1920 deo
1789 1847 1860 1919 He·

470 1967 608 2064 phassto
625 1965 838 2064 pendendae,
855 1979 921 2042 etc.

545 2087 660 2172 AEtas,
674 2085 732 2160 vel
745 2086 848 2161 limes
865 2087 954 2184 ejus,
967 2087 1203 2184 probabiliter
1216 2087 1387 2162 definitur
1403 2111 1469 2186 per
1485 2087 1631 2161 nomina
1643 2089 1808 2160 Romana
1822 2087 1860 2158 in

471 2211 502 2280 l.
516 2209 548 2279 4.
592 2207 752 2280 Proavus
769 2204 913 2280 leminae
928 2207 966 2280 in
980 2231 1013 2280 v.
1029 2209 1064 2280 4.
1077 2220 1155 2282 erat
1167 2209 1353 2282 Ennomus
1372 2207 1431 2282 vel
1448 2209 1644 2282 Eunomus.
1687 2207 1747 2280 De
1760 2207 1860 2282 cultu

470 2329 651 2404 Vulcanio
667 2330 707 2404 in
724 2332 756 2404 8.
774 2331 867 2408 conf.
887 2354 965 2408 coc.
984 2334 1017 2406 6.

1050 2587 1222 2665 eccm.
1251 2615 1281 2663 e.

874 2817 1478 2970 tournoubmoxmrosz

872 2969 1398 3048 ascomannorum

873 3083 1413 3160 &massuram

469 3245 525 3330 Tb
539 3249 661 3356 ἡρῷον
674 3239 944 3350 Φιλοκράτους,
959 3251 1024 3324 τοῦ
1044 3246 1175 3341 δεῖνος,
1187 3240 1446 3348 Ὀλυμπηνοῦ,
1460 3253 1520 3330 καὶ
1539 3249 1712 3356 γυναικὸς
1733 3255 1859 3350 αὐτοῦ,

470 3386 535 3482 τῆς
555 3385 673 3466 δεῖνος
691 3415 725 3461 κ.
739 3413 772 3460 τ.
786 3389 824 3459 λ.
882 3375 942 3458 Τὰ
960 3375 1001 3458 δὲ
1021 3377 1131 3460 τέκνα
1149 3379 1269 3459 αὐτῶν
1289 3381 1484 3480 Hecateia,
1503 3385 1526 3484 ἡ
1547 3387 1607 3464 καὶ
1620 3431 1786 3447 ······
1801 3389 1861 3468 καὶ

733 3558 894 3573 ······
912 3510 1091 3618 ἐξουσίαν
1110 3511 1300 3617 ἐχέτωσαν
1318 3515 1445 3613 αὐτοῦ,
1465 3550 1498 3596 κ.
1512 3551 1546 3597 τ.
1560 3527 1598 3596 λ.

544 3719 736 3818 Descripta
753 3720 798 3794 de
816 3718 936 3818 lapide
949 3717 1172 3818 hyperthyro
1194 3719 1234 3791 in
1250 3719 1334 3793 vico
1350 3717 1574 3794 Delia-Tora.
1599 3721 1861 3818 Fragmentum

470 3841 580 3914 estin
596 3864 669 3936 quo
686 3839 866 3915 cernimus
891 3863 1023 3914 nomen
1041 3839 1256 3915 Philocratis
1272 3841 1461 3940 cujusdam
1483 3842 1635 3918 heroum
1657 3841 1859 3931 condentis,

466 3957 622 4055 filiaeque
645 3959 723 4054 ejus
740 3959 940 4048 Persides,
964 3983 1046 4056 quae
1063 3971 1101 4034 et
1117 3958 1217 4034 aliud
1236 3983 1370 4034 nomen
1389 3961 1525 4035 habuit
1577 3961 1679 4036 Idem
1705 3961 1861 4038 sortasse

470 4091 547 4152 erat
563 4077 623 4154 hic
641 4078 864 4155 Philocrates
881 4105 965 4155 cum
982 4095 1179 4156 memorato
1196 4107 1305 4182 supra
1320 4105 1413 4160 cccl.
1427 4084 1504 4158 init

544 4203 588 4276 In
607 4229 639 4275 v.
657 4207 692 4278 2.
711 4205 793 4278 obv.
810 4212 985 4292 ΑΥΤΩΝ,
1003 4204 1086 4280 ideo
1105 4207 1271 4306 supplevi
1292 4209 1332 4282 in
1349 4209 1498 4284 minuso.
1516 4197 1700 4305 γυναικός,
1718 4235 1860 4286 necnon
