3994 5242
870 497 1226 568 ruscnrrrrouns
1249 494 1444 563 samem.
1561 493 1680 582 [mser.
1694 513 1861 558 ccmvn.
1978 455 1979 462 ‘

995 824 1273 902 CCLXXVII.
1299 847 1331 895 e.

916 1003 1270 1074 ΚΑΤΕΣΚΕΥΑΣΕΝ

912 1114 1464 1186 ΑΙΑΝΔΡΙΑΥΤΗΣΤΙΒΚΛΑΥ

465 1297 691 1404 Ἐρπιδασή,
706 1299 728 1400 ἡ
741 1300 802 1378 καὶ
810 1295 1058 1402 Σαρπηδουῖς,
1071 1291 1310 1398 Λυσάνδρου,
1324 1291 1574 1397 Ἀπερῥαῖτίς,
1586 1287 1863 1372 κατεσκεύασεν

467 1439 577 1512 τοῦτο
597 1427 640 1511 τὸ
660 1431 784 1536 ἡρῷον
798 1431 859 1508 καὶ
871 1429 982 1533 ἑαυτῇ
996 1429 1057 1506 καὶ
1074 1428 1181 1530 ἀνδρὶ
1193 1427 1305 1525 αὐτῆς
1317 1425 1480 1531 Τιβερίῳ
1496 1421 1673 1531 Κλαυδίῳ
1685 1424 1864 1528 Αὐρηλίῳ

672 1558 909 1668 Πτολεμαίῳ,
930 1563 1057 1663 Μυρεῑ
1073 1561 1133 1640 καὶ
1155 1563 1325 1662 Παταρεῖ
1342 1560 1402 1638 καὶ
1420 1555 1661 1662 Ἀπεῤῥαΐτῃ.

542 1776 599 1849 De
617 1773 687 1848 hoc
704 1771 906 1871 fragmento
924 1785 960 1846 et
979 1795 1079 1870 seqq.
1094 1772 1181 1846 vide
1205 1784 1329 1847 notata
1346 1772 1393 1846 ad
1410 1796 1571 1848 cccxxv.
1624 1773 1798 1871 Disposui
1816 1773 1865 1845 ite

467 1909 509 1970 ut
533 1893 769 1993 particulas.
785 1917 819 1991 p.
840 1891 873 1965 ἠ.
891 1891 1073 1987 integrum
1099 1889 1245 1964 titulum
1272 1889 1475 1984 conficiant,
1493 1903 1619 1988 utpote
1642 1891 1679 1964 in
1703 1889 1864 1988 zophoro

467 2019 585 2090 Heroi
606 2013 713 2090 simul
735 2025 929 2099 exstantes,
948 2024 985 2085 et
1008 2035 1169 2084 seorsum
1192 2013 1238 2084 ab
1262 2012 1306 2085 iis
1330 2037 1357 2086 e.
1382 2013 1447 2107 qui
1475 2011 1514 2084 in
1540 2012 1667 2085 ordine
1693 2011 1863 2085 inferiore

468 2137 629 2212 aediculae
657 2137 862 2234 apparebat.
928 2133 1028 2206 Huic
1057 2157 1166 2230 porro
1193 2157 1260 2230 pro
1288 2134 1429 2207 ratione
1460 2133 1634 2231 temporis
1662 2132 1863 2229 principem

468 2261 588 2333 locum
606 2258 768 2332 attribui.

544 2377 659 2452 Varia
675 2375 846 2473 equidem
875 2387 960 2449 suut
976 2398 1058 2472 quae
1075 2373 1120 2448 de
1138 2374 1268 2448 horum
1285 2374 1569 2474 fragmentorum
1588 2387 1712 2446 tenore
1730 2385 1768 2446 et
1786 2399 1864 2470 sup
1982 2431 1983 2446 ,

469 2498 663 2593 plementis
692 2495 931 2593 conjectando
960 2497 1121 2570 veniunt.
1174 2497 1266 2570 Haec
1295 2497 1446 2572 fortasse
1473 2495 1713 2594 perpendenti
1740 2497 1864 2594 proba·

470 2619 561 2690 tiora
584 2618 722 2714 possint
740 2617 877 2710 videri;
904 2618 1070 2690 Heroum
1093 2617 1213 2714 ipsum
1234 2617 1344 2692 fuisse
1367 2618 1406 2690 in
1428 2618 1553 2716 primis
1576 2629 1803 2690 exstructum
1827 2618 1864 2688 in

469 2738 644 2810 honorem
662 2736 841 2836 Lysandri
866 2741 1078 2836 (cornu),
1110 2737 1243 2812 deinde
1273 2738 1414 2835 adjecta
1439 2739 1549 2812 fuisse
1572 2737 1719 2812 nomina
1736 2737 1865 2834 Herpi-

470 2859 566 2932 dasae
583 2860 724 2954 virique
751 2861 829 2955 ejus
855 2860 1058 2933 Ptolemaei⁸
1079 2861 1322 2960 (connum),
1345 2859 1577 2959 postmodnm
1595 2859 1737 2933 thecam
1754 2859 1865 2932 intro-
1982 2833 1983 2912 Ῐ

470 2978 614 3052 missam
645 2977 755 3052 fuisse
783 2979 821 3052 in
848 3005 954 3052 usum
986 2980 1199 3069 PlatouidiS,
1231 3005 1340 3078 quam
1370 2981 1587 3055 crediderim
1617 2979 1727 3052 fuisse
1755 2978 1864 3052 ffliam

471 3098 676 3196 adoptivam
705 3098 920 3196 Herpidasae
950 3099 1179 3200 (connixu),
1210 3113 1444 3199 postremum,
1471 3100 1586 3175 thecae
1619 3123 1726 3173 usum
1755 3097 1865 3172 fuisse

471 3223 776 3296 communicatum
803 3233 841 3294 et
867 3221 1061 3295 conditrici
1088 3233 1126 3294 et
1154 3224 1285 3294 marito
1310 3222 1388 3316 ejus
1419 3219 1627 3307 Ptolemaeo,
1658 3216 1865 3291 deciarandi

470 3349 575 3441 cujus
601 3343 716 3442 gratia
744 3366 888 3416 curasse
911 3341 1153 3440 Herpidasam
1179 3351 1221 3413 ut
1242 3339 1430 3436 inscriptio
1453 3338 1601 3410 nomina
1622 3336 1865 3434 complectens

470 3466 593 3564 ipsius,
611 3461 822 3548 Platonidis‚
846 3472 884 3534 et
900 3461 1097 3546 Ptolemaei,
1115 3458 1380 3554 insculperetur
1405 3457 1444 3529 in
1467 3456 1594 3530 ordine
1618 3456 1865 3542 eminentiore,

473 3587 550 3660 soil.
569 3583 738 3684 zophoro.
793 3581 854 3659 Sic
871 3581 1146 3682 distinguendas
1164 3593 1319 3679 quatuor
1343 3580 1548 3653 occasiones
1572 3575 1708 3664 credas,
1726 3601 1865 3674 nempe,

473 3730 555 3801 quac
572 3702 807 3800 designantur
824 3725 845 3774 a
861 3701 931 3775 titt.
947 3723 1108 3776 cccxxv.
1124 3720 1312 3774 cccxxvu.
1331 3719 1507 3773 cccxxvr.
1527 3718 1732 3772 cccxxvur.
1774 3695 1867 3788 Quia

473 3846 561 3895 vero
577 3819 756 3918 fragmina
772 3818 964 3892 dumtaxat
980 3827 1117 3890 restant
1134 3815 1284 3890 secundi
1296 3815 1427 3889 horum
1445 3828 1482 3888 et
1499 3817 1628 3911 quarti,
1641 3816 1746 3913 posui
1759 3817 1867 3910 juxta

474 3943 630 4016 invicem
647 3953 852 4038 temporum
870 3937 996 4012 ordine
1013 3935 1231 4036 posthabito.

516 4172 528 4212 ⁸
544 4167 714 4225 Occurmut
726 4165 758 4222 in
767 4164 814 4222 tia
823 4163 925 4221 Franz.
935 4161 986 4242 (ex
995 4163 1145 4221 Beaufort.
1197 4171 1227 4220 et
1241 4160 1431 4238 Sarpedonis:
1453 4170 1536 4219 erant
1548 4179 1618 4218 vero
1629 4157 1839 4218 Patarensium.

477 4276 507 4324 et
527 4261 673 4340 Fellows.)
692 4282 720 4320 n.
735 4265 821 4328 4295.
842 4263 960 4320 nomina
973 4262 1148 4321 Ptolomeus
