3994 5242
132 551 235 596 isses.
252 549 391 596 ccxcvrr.
406 531 579 618 sexeum]
763 531 906 598 MYRA.
1083 491 1086 502 .
1477 537 1518 601 69

204 720 350 792 Nomen
368 718 438 792 viri
454 719 616 816 expressi
634 719 788 817 primurn
812 687 1015 806 COYPOC,
1029 719 1161 795 deinde
1178 725 1379 797 COYPAC.
1431 725 1520 796 Erat

131 842 376 914 Romanorum
394 837 501 915 Suro.
562 838 774 912 Femineum
800 838 936 934 pluries
966 839 1114 912 obvium
1136 853 1212 914 est:
1251 865 1346 937 supr.
1372 863 1517 917 ccum.

131 983 280 1036 cmvi.
295 983 502 1036 ccnxxvun
510 961 545 1058 f.
597 963 721 1035 Franz.
738 987 797 1035 nn.
812 964 919 1036 4254.
934 963 1043 1036 4302.

678 1174 933 1252 CCXCVIII.
960 1175 985 1249 f.

400 1283 1252 1416 commemorem

399 1428 1151 1576 mnwsseoupmrsm

130 1644 385 1712 ΑΝΕΘΗΚΕΝ
395 1664 404 1682 ·
416 1643 645 1712 ΕΥΣΕΒΕΙΑ·
657 1638 1339 1712 ΚΩΝΣΤΑΝΤΙΝΟΥ·ΔΕΣΠΟΤΟΥ·
1357 1641 1519 1710 ΚΑΙ·ΖΩ

132 1755 195 1824 ΗΣ
207 1776 217 1795 ·
227 1756 515 1858 ΑΥΓΟΥΣΤΗξ
527 1775 536 1794 ·
547 1755 819 1824 ΘΕΟΤΟΚΩἰ·
836 1753 978 1822 ΜΗΤΡΙ
993 1772 1002 1792 ·
1016 1751 1236 1824 ΦΙΛΤΑΤΗΙ
1251 1772 1260 1792 ·
1277 1754 1513 1822 ΠΑΝΑΓΙΑΙ·

272 1890 472 1996 Ἀνέθηκεν
483 1889 674 1992 Εὑσὲβεια
687 1894 975 1974 Κωνσταντίνου
987 1890 1190 1973 Δεσπότου
1210 1895 1271 1972 καὶ
1283 1896 1360 1972 Ζω-

281 2025 324 2119 ris
350 2017 575 2122 Αὐγούστης
605 2015 780 2126 Θεοτόκῳ
811 2017 941 2122 Μητρὶ
971 2010 1143 2122 Φιλτᾶτῃ
1175 2019 1360 2123 Παναγίᾳ.

207 2187 400 2283 Descripta
424 2185 471 2260 de
494 2186 614 2284 lapide
641 2200 785 2284 reperto
808 2187 847 2258 in
876 2186 1080 2285 sepulcreto
1103 2185 1391 2262 Christianorum
1420 2188 1517 2284 apud

133 2305 253 2378 vicum
282 2304 455 2381 Demtret
484 2305 544 2378 vel
571 2305 750 2380 Dcmurelt.
814 2307 963 2380 Littorae
990 2318 1094 2380 erant
1119 2305 1258 2380 moduli
1286 2309 1516 2406 praegrandis,

132 2441 315 2522 aequsntes
332 2427 523 2500 altitudine
537 2426 661 2502 decem
681 2429 841 2525 pollices,
855 2427 920 2501 sed
931 2429 1080 2524 injurios
1096 2451 1224 2527 grsves
1235 2427 1378 2503 fuerent
1395 2455 1516 2528 passos,

131 2545 168 2618 id
185 2546 286 2644 quod
308 2539 436 2620 'sensus
461 2546 620 2739 emenii
638 2569 853 2645 magnopere
871 2549 975 2621 suxit
991 2547 1245 2623 difficultatem.
1297 2551 1406 2624 Mitto
1420 2552 1517 2625 colli-

131 2668 295 2764 gationes
311 2679 349 2739 et
364 2667 562 2740 introrsum
608 2667 771 2763 'spositss
789 2665 971 2762 quosdam,
989 2669 1093 2761 qussi
1108 2668 1146 2740 in
1162 2667 1407 2765 penetralibus
1420 2670 1517 2743 abdi-

132 2800 194 2872 tus,
212 2809 297 2880 quae
314 2785 435 2858 omnis
461 2783 616 2858 artifices
635 2783 863 2886 Byzantinos,
880 2785 1077 2882 presertim
1107 2787 1281 2882 sequioris
1311 2788 1388 2875 sevi,
1412 2789 1517 2862 valde

156 2929 175 2977 e
359 2916 379 2977 ².
1263 2965 1267 2970 .

131 2905 154 2978 d
176 2906 436 3104 legieldidisrim
453 3051 519 3099 nos
536 3025 595 3100 hic
612 3027 819 3125 conspicere
843 3027 1082 3126 fragmentum
1100 3028 1230 3126 lapidis
1247 3030 1516 3130 hyperthyridis

131 3147 294 3222 eoelesiae
314 3173 395 3245 quse
422 3172 443 3221 a
470 3147 709 3222 Constantino
736 3147 838 3224 XII!
860 3151 943 3248 (qui
968 3164 1005 3223 et
1021 3149 1271 3226 Monomocltus
1298 3151 1456 3251 audivit)
1482 3165 1519 3226 et

131 3267 286 3363 conjuge
316 3267 394 3362 ejus
420 3265 652 3362 Imperatrice
683 3265 830 3364 Virgini
856 3265 1023 3362 Deiparae
1051 3265 1169 3339 fuerat
1196 3265 1322 3341 diceto
1380 3270 1519 3343 Pavent

131 3386 301 3481 equidem
317 3384 403 3458 huic
420 3384 654 3482 explicationi
670 3385 808 3458 nummi
825 3409 949 3458 eorum
967 3410 1121 3480 quorum
1138 3385 1332 3484 epigraphe
1349 3387 1456 3462 dstur
1471 3392 1518 3464 eb

133 3505 320 3594 Eckheli0‚
350 3507 423 3580 scil.
457 3512 705 3582 deonotus
721 3559 730 3579 .
749 3511 938 3581 ΟωΖΟΙΟ
953 3559 962 3578 .
979 3513 1038 3580 ΕΥ
1054 3559 1063 3580 .
1084 3559 1093 3580 .
1115 3559 1124 3580 .
1146 3560 1154 3578 .
1176 3511 1517 3583 ΜΟΝΟΜΑΧΟΝῑ.

169 3685 369 3744 ‘Conthsc
382 3703 401 3744 1.
417 3705 444 3742 n.
456 3703 527 3744 xxv.
549 3703 579 3743 11.
590 3705 618 3742 n.
629 3701 690 3744 ocv.
849 3685 912 3754 XL,
926 3685 1070 3762 junxerat
1090 3684 1146 3742 sibi
1165 3684 1313 3742 moritum.
1355 3684 1388 3744 Si
1400 3685 1455 3744 hoc
1470 3708 1517 3746 ve-

169 3783 297 3843 ‘Possis
316 3786 444 3862 cogitare
457 3784 537 3844 etde
550 3784 740 3843 Constantino
763 3784 800 3842 X.
850 3803 918 3842 rum
944 3783 994 3854 sit,
1020 3782 1228 3841 dedicationem
1260 3781 1366 3840 lectum
1396 3795 1518 3844 autumo

132 3887 232 3961 quiet
254 3885 504 3962 Porphyropenitus
529 3885 651 3954 sudivit,
674 3903 801 3962 quocum
850 3883 922 3942 dum
945 3883 977 3940 in
991 3883 1111 3941 Oriente
1123 3889 1256 3939 versatus
1276 3881 1438 3960 Imperator
1457 3885 1517 3942 bel-

132 3995 223 4043 mster
239 3986 305 4061 ejus
319 3985 375 4044 Ζοὲ
394 3985 426 4042 in
445 3985 573 4043 nummis
596 3985 799 4061 conjungitur:
850 3982 914 4040 lum
941 3991 1043 4040 oontrs
1066 3982 1221 4040 Serscenos
1242 3989 1439 4058 prosequutus
1463 3995 1515 4054 est,

134 4082 252 4141 Eckhel.
264 4099 329 4140 vm.
342 4102 370 4159 p.
381 4081 447 4147 247.
455 4084 484 4140 b.
518 4082 575 4142 Sed
588 4083 752 4160 propendeo
764 4082 801 4140 sd
850 4081 879 4142 h.
888 4103 912 4140 e.
926 4082 957 4140 in
969 4101 1015 4142 sn.
1030 4081 1064 4138 P.
1075 4081 1107 4139 C.
1121 4081 1205 4138 1044„

132 4181 353 4248 lionomoclmm,
360 4181 446 4258 eujus
453 4181 567 4240 nummi
574 4182 658 4240 citsti
665 4182 702 4240 sb
707 4181 800 4240 Eckh.
890 4187 903 4226 Β
918 4180 995 4240 Vide
1009 4179 1130 4239 Eckhel.
1141 4179 1196 4238 ubi
1209 4198 1306 4256 suprs-

132 4283 183 4338 ubi
193 4301 273 4359 supr.
288 4301 315 4359 p
326 4283 432 4342 stt-b.
442 4292 549 4362 typum
558 4282 659 4341 ferunt
669 4282 801 4360 Deipsroe
890 4279 1037 4339 Notabilis
1049 4287 1094 4338 est
1106 4278 1262 4358 sppcllutio
1275 4276 1403 4338 Δίπαια
1414 4279 1446 4336 in
1463 4278 1518 4336 hoc

132 4381 276 4448 nimbata,
300 4399 445 4456 quemque
459 4381 527 4452 zos,
541 4379 602 4440 filis
615 4381 800 4440 Constantini
851 4399 978 4438 nummo.
1015 4375 1186 4454 conjecture
1205 4377 1248 4436 ses
1259 4387 1304 4436 est
1315 4377 1440 4436 fundum
1453 4378 1518 4458 ejus

196 4497 319 4542 meto.
336 4499 386 4542 111.
815 4499 837 4542 K
