3994 5244
115 584 214 628 usca.
230 561 388 650 cccxov1.]
718 557 899 623 THEBAE.
1441 549 1503 614 287

184 759 326 832 Nomen
337 753 529 832 Iustuleius
542 756 579 828 in
593 759 625 829 1.
641 767 696 830 est
713 779 761 828 ex
778 754 986 828 rarioribus.
1031 751 1153 826 Affine
1165 750 1310 824 videtur
1320 748 1502 834 [numium

116 875 210 970 quod
240 893 277 950 et
303 901 325 950 a
351 873 535 972 lapidibus
558 875 825 972 comprobatur.
888 875 945 946 De
962 870 1195 972 primipilari,
1213 871 1301 944 ibid.
1324 869 1442 968 (quod
1468 881 1506 944 et

111 993 367 1094 ptimzpilano)
387 991 868 1067 coul.Fasoic.11.n.1.xu1.
888 992 921 1064 6.
949 1002 987 1063 et
1003 989 1150 1064 Auctor.
1170 986 1217 1061 ud
1232 987 1300 1061 loo.
1352 989 1397 1060 In
1414 1013 1449 1060 r.
1469 989 1503 1058 2.

116 1119 189 1191 init.
214 1117 426 1192 Fulminatn
446 1117 540 1213 (non
553 1113 807 1206 Fulmineum,
825 1125 867 1186 ut
882 1111 1097 1210 plerumque
1115 1109 1299 1206 explicare
1319 1109 1437 1181 solent
1452 1107 1506 1179 rei

116 1239 265 1336 sigluriae
282 1236 410 1336 periti)
429 1235 633 1334 adpellatur
657 1234 694 1308 h.
705 1234 727 1306 l.
747 1232 862 1330 Legio
885 1228 1123 1321 Duodecimn,
1150 1227 1225 1300 scil.
1243 1225 1397 1328 fulmine
1426 1225 1505 1318 icta,

115 1353 401 1459 κεραυνόβολος.
452 1359 672 1458 Scrupulum
688 1357 760 1430 hoo
776 1354 902 1450 injicit,
921 1376 1033 1448 quum
1054 1351 1201 1446 ubique,
1218 1363 1394 1448 quantum
1411 1373 1505 1422 oom-

115 1489 199 1582 peri,
226 1487 333 1560 obvia
359 1486 432 1558 sint
451 1481 705 1568 Fulminotrin,
722 1478 971 1578 Fulminiferm
988 1476 1188 1570 Fulmineo,
1215 1463 1505 1571 κεραυνοβόλος,

116 1601 397 1712 κεραυνοφόρος,
415 1611 501 1684 huie
527 1607 662 1706 legioni
687 1605 882 1680 attributed.
936 1602 1046 1678 Certe
1063 1600 1290 1676 concilianda
1314 1599 1393 1673 haeo
1410 1599 1508 1672 veni·

116 1747 188 1819 unt,
205 1749 350 1832 receptu
366 1733 522 1806 lectione
540 1753 649 1826 quam
666 1727 929 1800 monimentum
947 1736 1104 1796 tractans
1122 1724 1160 1795 in
1177 1722 1303 1820 primis
1321 1721 1409 1814 erui,
1428 1720 1504 1793 soil.

118 1861 433 1948 ΡνιΜΙΝΑῖΜΕ,
451 1878 533 1951 quae
550 1847 725 1948 expedire
743 1869 854 1942 queas
872 1842 1144 1917 Fulminatritis
1164 1844 1224 1938 (ut
1240 1842 1278 1914 in
1295 1841 1415 1938 lapide
1433 1853 1506 1912 vet.

118 1979 258 2074 Rosin.)
284 1973 488 2052 Melitenen
525 1973 685 2045 incertus
716 1991 803 2040 vero
831 1963 983 2062 epitheti
1010 1961 1241 2057 (Melitenen),
1268 1961 1394 2034 saltem
1423 1974 1505 2034 unte

118 2101 250 2174 bellum
269 2099 475 2183 ludoicum,
494 2096 533 2168 in
558 2093 714 2167 lectione
735 2088 894 2165 Saltinna
911 2085 1070 2160 constiti.
1121 2081 1165 2156 In
1182 2083 1253 2156 hoo
1272 2105 1384 2155 versu
1403 2093 1507 2154 notes

119 2221 245 2318 siglum
262 2227 300 2306 Ζ,
318 2217 417 2314 quod
433 2213 660 2292 centurionem
683 2221 785 2283 notat
803 2209 896 2280 sieut
913 2205 950 2278 in
968 2203 1136 2302 pluribus
1155 2201 1387 2286 Memnoniis,
1403 2226 1459 2274 ex.
1478 2226 1506 2273 o.

120 2341 212 2414 infra
236 2362 353 2416 ccccr.
374 2343 407 2411 1.
457 2335 581 2410 Adeas
609 2331 793 2428 Inscriptt.
813 2341 850 2402 et
870 2327 1049 2424 siglariar.
1103 2323 1164 2400 Sic
1190 2321 1287 2418 apud
1311 2321 1508 2411 Ursatum‘,

120 2469 147 2532 Ζ
158 2467 275 2536 mvn
294 2515 303 2534 .
322 2464 405 2536 [ΕΘ
421 2459 500 2532 .th
519 2509 528 2530 .
546 2460 655 2529 ΘΙΜ.
683 2452 716 2524 h.
735 2476 768 2524 e.
798 2447 1013 2526 Centurionir
1038 2443 1395 2520 ‚Frumentariorum
1419 2499 1426 2513 .
1445 2440 1509 2516 Le-

117 2583 228 2679 gionis
247 2581 456 2682 .Septimoe.
477 2576 639 2653 Geminoe.
685 2571 829 2646 Deinde
847 2583 1068 2644 memoratur
1084 2568 1199 2666 Legio
1216 2563 1508 2656 duoetvioesimu‚

157 2788 250 2846 ”vid
262 2787 354 2844 Tacit.
364 2781 469 2842 Annal
484 2781 590 2842 x111.9.
605 2779 652 2841 39.
673 2775 785 2832 Petere.
836 2773 923 2850 lyme,
949 2779 1069 2848 propter
1088 2768 1219 2826 militum
1238 2765 1294 2823 sub
1313 2761 1412 2821 Cestio
1428 2761 1509 2836 igne·

121 2913 149 2952 ιι.
168 2897 210 2956 16.
837 2874 923 2940 viam,
938 2872 969 2929 in
983 2869 1051 2930 Bell.
1062 2869 1131 2929 Jmt
1142 2885 1195 2926 vn.
1209 2870 1233 2925 l.
1245 2870 1272 2926 3.
1282 2864 1338 2922 ult.
1361 2861 1407 2922 cf.
1419 2877 1449 2918 11.
1463 2862 1508 2924 19.

158 3007 168 3028 ⁰
181 2994 264 3054 Conf.
278 2991 384 3049 Euselt
397 2988 468 3046 Hm.
480 2985 556 3042 Eccl.
567 2999 596 3038 v.
607 2986 636 3042 5.
647 2999 674 3038 n.
700 2980 786 3037 Dion.
879 2973 953 3030 Obv.
967 2971 999 3028 in
1009 2971 1094 3028 Notit.
1104 2969 1176 3042 Imp.
1189 2965 1289 3026 Orient
1305 2962 1376 3040 (sub
1389 2959 1510 3036 disposi-

122 3109 167 3150 ιν.
182 3098 228 3154 23.
242 3113 270 3169 p.
279 3090 354 3148 med.
382 3087 478 3145 Voles.
492 3093 553 3141 not.
567 3081 604 3139 ud
615 3079 721 3138 Enseb.
735 3079 787 3134 loe.
838 3072 918 3128 tione
932 3069 1023 3127 Ducis
1035 3063 1195 3140 Armenio)
1208 3063 1337 3139 Legionis
1349 3059 1511 3118 duodecimo

121 3213 166 3270 pp.
179 3197 226 3257 92.
246 3212 267 3249 s.
302 3188 401 3246 Rosin.
414 3185 509 3260 Antiq.
524 3183 602 3239 Rom.
623 3199 671 3256 pp.
685 3179 752 3241 738.
768 3196 789 3234 s.
840 3171 991 3230 Fulminat
1009 3170 1151 3234 Melicum,
1174 3181 1272 3224 xxxv.
1292 3167 1315 3221 l.
1338 3167 1365 3220 4.
1406 3161 1442 3217 In
1457 3159 1512 3215 hoc

122 3293 246 3350 Brotier.
257 3291 377 3348 Etcum.
389 3287 430 3344 od
441 3285 527 3343 Tacit.
539 3282 611 3339 Hm.
623 3297 654 3336 ιι.
665 3277 693 3338 6.
704 3277 735 3334 ἱιι
746 3275 790 3334 ed.
840 3271 903 3328 loco
922 3269 1028 3346 legunt
1047 3266 1165 3344 quidum
1183 3263 1413 3322 Fulminutricir:
1433 3272 1513 3317 recte

123 3395 243 3452 Lemair.
256 3393 313 3450 vol.
326 3408 356 3448 ιι.
378 3407 426 3466 pp·
441 3385 547 3448 26-32.
589 3381 792 3458 Amplectitur
841 3371 937 3428 Voles.
952 3367 1032 3444 quod
1052 3365 1128 3438 dedi,
1145 3385 1186 3424 ex
1200 3363 1323 3423 Eusebii
1337 3361 1383 3420 sui
1396 3383 1513 3440 arguvio·

123 3492 291 3550 sententiam
304 3489 352 3546 vir
365 3487 440 3544 doct.
455 3485 533 3562 quod
546 3482 675 3540 inditum
695 3479 792 3536 fuerat
840 3471 934 3538 nitor:
955 3469 990 3524 cs·
1004 3477 1064 3524 ssot·
1078 3465 1132 3524 ubi
1146 3483 1242 3542 supra·

123 3609 223 3649 nomen
241 3608 280 3647 ex
294 3585 465 3663 insignitur:
485 3583 539 3642 hoe
560 3603 576 3640 n
595 3583 662 3639 leet.
676 3586 791 3634 Funur-
880 3579 892 3611 ‘¹
908 3567 1018 3626 Scribit
1036 3565 1071 3624 de
1088 3565 1143 3622 hoo
1156 3563 1270 3622 Jacobs.
1283 3562 1315 3619 in
1326 3558 1514 3634 Denlueltrtfl.

123 3699 229 3747 NATAE
245 3689 364 3747 videtur
384 3687 468 3764 plene
488 3683 600 3742 refelli:
621 3701 674 3738 neo
694 3681 792 3738 minus
841 3687 868 3724 ἱό-
884 3687 905 3724 ⁸·
919 3685 952 3722 w·
974 3684 1001 3741 P·
1014 3663 1060 3727 72·
1075 3663 1153 3720 Da&
1170 3663 1222 3720 ‘1⁴²⁸
1241 3659 1355 3718 Zeicdffl
1378 3663 1406 3728 ἲ
1427 3657 1515 3714 durch

123 3789 294 3848 miraculum
315 3784 514 3842 Eusebionum
538 3781 574 3838 ab
596 3790 681 3836 aetete
700 3777 791 3836 tituli.
844 3766 986 3826 Centurio
1007 3763 1105 3838 ricttr'q
1120 3761 1225 3820 erlldrt
1248 3779 1293 3834 sep
1316 3759 1392 3816 leidet
1417 3757 1513 3814 keinen

124 3889 221 3948 Fidem
231 3906 299 3947 sune
308 3885 417 3943 minuit
425 3875 793 3960 ipsiushistnrioioluusule
842 3863 961 3942 Zweised
977 3863 1057 3920 citat
1071 3879 1140 3918 exx·
1162 3859 1191 3917 S·
1208 3858 1299 3917 Gudii
1312 3857 1407 3933 Antiq.
1426 3854 1515 3912 Itum.

124 3988 151 4044 in
166 3999 196 4047 Α.
212 3986 262 4043 lin.
276 3984 330 4042 ubi
343 4001 440 4058 supro.
842 3987 871 4043 p.
887 3981 932 4022 οι.
955 3983 984 4020 n.
999 3979 1017 4019 1.
1040 3965 1066 4021 3.
1087 3975 1167 4018 cnm.
1189 3961 1216 4018 3.
1231 3961 1259 4021 7.
1274 3961 1301 4022 9.
1317 3966 1372 4014 eto.
1413 3955 1515 4012 Adduo

160 4085 269 4145 ¹³Conl.
286 4081 378 4141 Tuoit
399 4077 504 4137 Annol.
524 4095 575 4134 xv.
596 4072 624 4132 6.
639 4073 666 4138 7.
684 4077 727 4132 10.
742 4069 790 4131 26.
844 4063 980 4124 Gerrurd.
996 4061 1098 4137 Siqlm.
1112 4059 1143 4115 in
1164 4057 1234 4116 edit.
1249 4055 1402 4114 Foroellin.
1423 4054 1514 4112 Lond.

125 4186 247 4252 Brotiem
262 4183 316 4239 ubi
330 4199 428 4257 supro,
444 4187 474 4235 et
484 4176 611 4252 Append.
625 4173 666 4232 nd
677 4173 752 4230 Hm.
764 4187 792 4228 v.
843 4181 871 4239 P·
884 4165 911 4226 9·
932 4161 960 4217 b·
985 4157 1038 4215 ubi
1062 4167 1092 4214 et
1113 4153 1170 4211 fllia
1191 4152 1322 4230 quaedtm
1345 4150 1516 4228 eompendia

125 4291 168 4345 43.
197 4281 333 4341 Meminit
346 4278 437 4354 hujus
451 4275 572 4352 legionis
585 4273 621 4331 od
635 4272 794 4330 Melitenen
844 4263 975 4341 ejusdem
989 4261 1164 4319 efferuntur.

125 4384 220 4441 aTito
238 4379 363 4437 dimissu
385 4387 451 4454 post
476 4383 644 4451 expugnatu
659 4371 794 4429 Hieroso·
885 4375 893 4398 ¹
908 4365 966 4422 cit.
981 4381 997 4419 n
1012 4359 1148 4420 Gerrnrd.
1162 4357 1215 4416 ubi
1229 4375 1325 4434 supm,
1341 4375 1368 4433 p.
1382 4359 1426 4413 ll.
1437 4357 1465 4412 b.

776 4467 795 4528 2
812 4483 832 4527 o
849 4465 867 4524 2
