3918 5240
481 499 541 566 138
883 502 1234 572 mscnmrrorns
1256 504 1448 576 ennom.
1599 509 1850 591 [saansaan.

481 689 585 772 8Ὠι
632 696 654 772 δ
714 690 725 720 Ι
805 693 815 718 θ
965 689 977 722 ἱ
1037 695 1047 720 b
1080 689 1091 721 l
1167 701 1184 720 Α
1285 703 1302 722 Α
1587 697 1598 726 Ι
1684 703 1692 727 ς
1773 694 1782 722 Ι

504 743 511 758 ·
587 725 629 772 κο
655 697 775 794 ομηθη
794 727 817 794 η
835 703 982 797 πλευρα
1003 728 1095 794 αντη
1117 728 1184 776 που
1212 728 1302 776 ναον
1385 692 1422 766 b·
1441 701 1639 778 Πονπλιον
1659 701 1799 778 οικοδο-

536 819 597 900 καί
620 817 663 902 τὸ
689 818 810 902 ἐπάνω
834 825 900 922 vvir
919 819 1032 928 θύρας
1057 827 1123 922 τῆς
1145 822 1304 932 ᾤκισμέ·
1443 861 1517 928 μου
1536 829 1596 908 καὶ
1616 830 1770 909 Βεννίοο

537 985 601 1051 νης
638 947 848 1054 (τύμπανον
858 949 896 1053 Ρ)
929 949 1166 1038 εὐθετούσαις
1213 958 1301 1055 (σο-
1444 955 1657 1066 ξυλοπθμοο
1679 964 1741 1042 καὶ
1760 965 1849 1042 Πον-

537 1080 659 1186 νίσιὲ)
687 1079 757 1162 ἀνὰ
784 1079 915 1188 πήχεις
937 1083 1083 1187 χιλίους
1107 1081 1300 1190 ἑξήκοντα.
1442 1090 1557 1170 πλίον
1575 1086 1755 1192 λατόμον.

552 1269 743 1367 Descripta
751 1269 847 1346 inter
855 1269 1048 1370 parietinas
1059 1272 1185 1371 templi
1196 1275 1408 1350 Libanensis
1421 1300 1534 1376 prope
1550 1280 1802 1354 monasterium
1816 1279 1848 1356 S.

479 1391 656 1466 Demetrii
672 1394 913 1500 (wigo)
928 1394 1098 1470 intractu
1110 1395 1165 1472 El
1180 1396 1460 1506 Kairatospllffi
1499 1400 1652 1478 Constat
1661 1427 1711 1478 ex
1721 1403 1849 1478 duabus

478 1511 656 1608 partibus:
681 1514 829 1609 primae
842 1525 1015 1607 recenset,
1026 1515 1176 1614 adjectis
1188 1516 1355 1606 modulis,
1373 1519 1517 1596 edificii
1533 1533 1653 1618 partes
1674 1548 1763 1620 quas
1778 1549 1849 1598 oon·

480 1631 641 1706 fecerant
656 1631 770 1706 fabri:
798 1635 956 1710 secunda
966 1638 986 1713 b
998 1636 1228 1712 dextrorsum
1246 1640 1409 1737 apposita
1425 1655 1611 1716 enumerat
1627 1645 1772 1718 nomina
1786 1645 1850 1742 opi·

480 1751 599 1841 ficum,
617 1753 693 1828 scil.
718 1754 841 1828 Publii
857 1756 1093 1844 aedificatoris,
1107 1757 1245 1834 Vennii
1270 1759 1415 1858 lignarii
1441 1761 1639 1860 (siquidem
1666 1763 1736 1838 hoc
1761 1775 1848 1838 recte

479 1873 579 1972 cepi)
599 1875 770 1948 etPublii
792 1876 966 1974 lapicidae.
1018 1878 1102 1952 Hoc
1124 1891 1231 1977 pacto
1252 1881 1409 1956 invicem
1431 1881 1652 1988 respondent
1672 1884 1848 1980 utriusque

478 2001 576 2075 tituli
591 2000 785 2100 particulae,
802 2026 932 2101 nempe
950 1992 1145 2097 οἰκοδόμος
1162 2017 1199 2080 et
1214 1993 1380 2099 λατόμος
1397 2006 1444 2081 ad
1460 1995 1678 2108 ᾠκοδομήθη
1692 2021 1730 2082 et
1745 1998 1845 2110 ᾠκισ-

477 2119 589 2222 μένης
609 2127 688 2226 (vel
704 2118 956 2226 οἰκισθείσης)
981 2129 1021 2204 in
1041 2153 1100 2204 vv.
1121 2133 1152 2204 1.
1170 2134 1204 2204 4.
1231 2143 1270 2208 et
1295 2120 1505 2229 ξυλοτόμος
1521 2133 1569 2207 ad
1585 2127 1728 2228 σανίσι,
1745 2135 1800 2208 vel
1822 2133 1847 2207 si

477 2255 567 2329 libet
592 2243 774 2342 κλισιάσι,
791 2253 831 2326 iu
847 2278 880 2327 v.
899 2256 933 2328 5.
984 2255 1076 2329 Haec
1102 2254 1267 2352 quedam
1293 2256 1459 2354 supplevi
1476 2280 1525 2330 ex
1541 2256 1698 2356 ingenio,
1715 2271 1847 2332 coactus

477 2374 517 2448 id
533 2373 650 2448 facere
668 2375 716 2448 ob
732 2372 900 2470 injuriam
922 2397 1004 2470 quae
1028 2372 1141 2471 lapidi
1165 2374 1356 2463 acciderat,
1380 2375 1537 2450 fractura
1554 2401 1575 2450 a
1591 2377 1728 2450 vertice
1744 2399 1846 2472 usque

478 2495 526 2570 ad
541 2495 622 2583 ima,
640 2517 722 2590 quae
738 2494 876 2566 litteras
892 2493 985 2566 bens
1002 2493 1134 2568 multas
1150 2494 1210 2569 vel
1235 2495 1378 2594 penitus
1395 2496 1603 2571 aboleverat
1619 2497 1680 2570 vel
1695 2499 1848 2572 obseura·

478 2627 589 2705 verat,
606 2624 847 2714 percurrente

554 2736 812 2835 Supplementa
827 2737 865 2809 in
883 2759 941 2808 vv.
963 2735 1043 2808 1-3.
1062 2736 1232 2812 videntur
1247 2737 1457 2836 probabilia.
1509 2737 1554 2810 In
1570 2738 1603 2810 4.
1621 2747 1724 2836 potes
1740 2737 1846 2836 legere
1890 2782 1892 2786 .

478 2861 543 2957 τῆς
562 2853 768 2964 ᾧκισμένης
786 2851 987 2960 τύμπανον,
1005 2887 1088 2937 nam
1104 2863 1231 2938 latiore
1244 2888 1352 2938 sensu
1364 2862 1438 2938 dici
1454 2871 1575 2960 potest
1590 2855 1614 2956 ἡ
1634 2851 1730 2959 θύρα
1746 2851 1847 2963 ᾧκισ·

476 2983 581 3085 μένη,
606 3002 643 3064 et
666 3013 734 3086 pro
758 2998 928 3086 tympano
949 2990 1088 3064 foribus
1105 3013 1272 3064 connexo
1288 2987 1432 3064 utenda
1448 2987 1601 3062 veniunt
1612 2987 1846 3062 Vitruviae.

477 3121 523 3192 In
539 3143 572 3189 v.
586 3117 620 3188 5.
642 3101 877 3191 εὐθενούσας
893 3113 1038 3188 videtur
1062 3125 1237 3202 constare,
1261 3111 1488 3186 intransitive
1506 3109 1654 3196 dictum,
1680 3108 1755 3182 scil.
1781 3107 1849 3182 ten

476 3243 623 3323 ιἰιοίοιοι
638 3239 906 3339 commatibus,
923 3239 1003 3316 scite
1018 3237 1208 3338 dispessis.
1259 3238 1365 3326 Dein,
1382 3251 1550 3334 utsupra
1568 3235 1716 3327 dictum,
1727 3222 1848 3308 σανίσι

475 3357 669 3468 (κλισιοὶσι
678 3359 714 3462 i)
730 3367 986 3464 comprobatur
1001 3389 1066 3464 per
1084 3351 1306 3463 ξολοτθμοο,
1319 3361 1420 3461 quod
1435 3361 1673 3436 certissimum
1691 3357 1846 3440 dixerim,

475 3498 515 3571 in
531 3493 693 3591 catalogo
709 3489 905 3564 fabrorum.
940 3491 985 3564 In
1002 3515 1038 3566 v.
1052 3488 1189 3588 penult.
1201 3487 1358 3587 cogitavi
1373 3484 1420 3560 de
1437 3476 1509 3559 ἀνὰ
1526 3476 1657 3585 πήχεις
1674 3470 1847 3584 (artem)

475 3611 629 3719 χιλίους,
647 3639 802 3712 quorum
825 3615 973 3713 propius
999 3616 1101 3689 abest
1122 3612 1214 3687 illud
1238 3637 1260 3688 a
1281 3612 1443 3711 vestigiis
1464 3612 1664 3688 litterarum
1690 3613 1729 3686 in
1756 3633 1846 3686 saxo

475 3747 533 3819 De
549 3743 618 3818 hac
634 3741 900 3816 constructione
917 3766 1000 3816 curn
1018 3729 1089 3812 ἀνὰ
1104 3738 1188 3813 vide
1206 3763 1314 3838 supra
1330 3759 1505 3814 ecnxvm.
1521 3737 1586 3812 ult

515 3999 526 4022 ⁰
547 3986 629 4046 Cous.
656 3985 813 4044 Robinson.
839 3985 894 4043 ubi
922 4001 1002 4061 supr.
1035 3979 1050 4064 §
1077 3999 1155 4076 xvr.¹
1187 3981 1239 4056 jus
1251 3980 1386 4040 meminit
1398 3979 1558 4038 Vitruvius
1571 3980 1601 4037 in
1615 3976 1759 4038 Arabim.
1772 3978 1846 4036 rut

474 4109 504 4167 p.
519 4089 585 4146 441.
599 4093 660 4144 not
680 4093 711 4142 et
729 4082 926 4142 Burokhardt.
946 4081 1013 4141 In'n
1031 4101 1080 4160 pp.
1094 4085 1141 4148 29·
1190 4103 1219 4161 p.
1232 4087 1279 4148 99.
1300 4083 1418 4160 Bipont.
1431 4079 1646 4160 DeTymmuis
1659 4080 1768 4139 forium
1781 4076 1846 4156 (Pa-

478 4189 542 4251 173.
559 4183 623 4249 176.
1189 4176 1262 4252 cels)
1276 4179 1312 4238 ct
1325 4195 1367 4236 1v.
1376 4177 1404 4238 6.
1417 4197 1444 4256 p
1459 4180 1522 4237 120.

514 4298 526 4331 ¹³
539 4281 682 4345 Fortassis
695 4279 744 4339 hic
756 4279 857 4358 agitur
876 4279 913 4340 de
925 4281 1075 4358 'lympano
1087 4297 1138 4338 ou·
