3918 5240
95 527 340 616 risenoocmn]
601 523 951 596 HIEROSOLYMA.
1345 473 1347 477 v
1401 535 1462 600 135

159 716 218 791 Ad
236 716 489 816 complendam
511 718 722 793 sententiam
745 719 969 817 suppleveris
996 721 1034 794 in
1063 721 1118 795 tit.
1138 729 1410 812 ΜΝΗΟΘΗΤΙ,
1429 739 1466 801 et

94 841 173 916 nont
190 841 325 918 Psatm.
353 865 521 919 cxxxvn.
551 845 584 917 l.
601 867 692 918 Lxx,
719 833 983 938 Ἐκλαύσαμεν
1002 839 1042 918 ἐν
1058 843 1271 940 μνησθῆναι
1288 841 1384 942 ἡμᾶς·
1402 849 1467 944 τῆς

95 958 188 1040 Σιών.
239 971 329 1043 Erat
343 959 464 1064 Ἀγῖα,
491 979 534 1042 ut
561 969 689 1044 oivitss
713 969 792 1068 ipse
813 957 965 1072 „pp-‚Em
994 971 1089 1045 conf.
1108 959 1246 1048 Psalm.
1264 997 1299 1048 11.
1329 979 1360 1050 6.
1378 999 1463 1052 nxx.

95 1080 178 1163 Σιὼν
195 1084 283 1189 ὅρος
300 1081 344 1166 τὸ
364 1077 484 1189 ἅγιον.
615 1189 617 1193 Υ

629 1329 857 1408 CCCXLII.
884 1332 919 1405 b.

153 1488 618 1712 ’ωιωνλλνλῲε
967 1474 1255 1586 Μνῆμαδιάφε·

229 1603 518 1717 ΡοΗθεἹ-λλ,
554 1647 610 1714 p
966 1631 1035 1700 pov
1054 1601 1236 1705 Georgi--
1219 1634 1331 1704 ---ρ

202 1697 686 1866 λῲσιτεννιλκικοε
964 1711 1029 1820 ἀφ’
1050 1679 1340 1819 drewes
1482 1783 1489 1796 ,.
1632 1780 1633 1784 .

530 1866 638 1938 ς-Η
965 1829 1055 1914 αὐτὸ
1075 1830 1277 1938 ἠγόρασεν.

371 1974 437 2050 43
1039 1947 1147 2030 Σιών.

159 2083 346 2206 Descripta
362 2106 408 2182 de
421 2107 587 2206 sepulcro
602 2107 642 2196 in
658 2131 748 2206 rupe
764 2107 863 2182 footo
880 2109 1054 2186 indidem.
1091 2111 1319 2189 Effluxerant
1330 2115 1405 2192 fere
1420 2143 1467 2192 ex

94 2229 201 2327 lapide
216 2231 300 2329 plns
326 2231 437 2304 semel
453 2241 675 2305 contrectato
693 2241 731 2304 et
746 2229 917 2330 eelooress
934 2233 1068 2330 speciei
1084 2233 1273 2320 elementa,
1291 2258 1374 2330 quae
1390 2237 1469 2335 ipse

94 2349 128 2422 in
142 2352 259 2426 tabule
275 2375 384 2450 supra
400 2350 537 2424 editum
554 2350 734 2448 insculpta
749 2349 911 2425 fuerant:
940 2367 1160 2452 quapropter
1172 2353 1347 2429 lectiones
1364 2381 1467 2454 ques·

95 2469 167 2544 dem
181 2496 246 2569 pro
263 2472 372 2546 certis
389 2496 462 2545 non
478 2470 605 2546 habeo.
658 2471 818 2546 Videtur
833 2473 873 2546 in
890 2473 1016 2570 primis
1033 2474 1240 2573 sepulerum
1265 2475 1467 2572 possedisse

99 2590 259 2687 Times,
276 2591 408 2666 deinde
426 2591 617 2690 emptionis
637 2593 720 2689 jure
743 2590 985 2669 amentio.
1038 2594 1147 2688 Quod
1165 2595 1355 2692 subjicitur
1373 2604 1396 2672 S
1415 2621 1469 2670 eo·

95 2712 290 2808 cipiendnm
306 2736 390 2786 reor
405 2735 472 2810 pro
488 2719 616 2789 Sth.
670 2711 770 2788 Vide
787 2726 859 2786 not.
875 2739 910 2813 ρ.
928 2739 1058 2814 praegr.

160 2832 307 2907 Editum
324 2831 432 2906 video
454 2857 476 2906 e
498 2831 666 2908 Scholzio
686 2833 770 2933 (ubi
797 2833 924 2933 supra)
951 2847 990 2908 et
1013 2831 1179 2908 Clerkio¹.
1232 2834 1361 2909 Hicin
1379 2861 1410 2909 v.
1432 2840 1464 2910 1.

94 2955 193 3032 hebet
210 2963 396 3051 ΝΝΗΝΛ,
420 2957 459 3030 in
484 2960 517 3032 2.
538 2963 813 3045 ΡΟΝΘΕΚΝΝ,
830 2958 928 3033 unde
944 2957 1079 3032 frustra
1094 2959 1244 3055 conjicit
1260 2947 1329 3052 τὴν
1350 2949 1470 3057 σορὸν

95 3073 227 3174 ἔθηκαν,
250 3105 364 3180 quum
391 3081 437 3156 od
463 3082 614 3158 formem
645 3081 862 3182 singularem
891 3093 1132 3158 contexantur
1156 3081 1231 3158 fere
1260 3109 1394 3175 omnes,
1422 3110 1469 3161 so.

94 3205 209 3300 μνῆμα
226 3199 419 3310 διέφερον,
438 3200 532 3303 θήκη
552 3200 797 3308 διαφέρουσα.
849 3206 904 3284 Cf.
923 3209 1023 3283 Faso.
1040 3231 1076 3283 11.
1101 3235 1136 3282 n.
1156 3233 1288 3286 cxvm.
1340 3212 1469 3288 Edidit
1603 3211 1611 3228 '

94 3325 163 3402 liv.
177 3329 317 3405 Seholz.
331 3333 655 3404 ΡΟΝΘΕΚΑΛΙΨ.
674 3333 738 3401 Pe.
779 3328 922 3402 Nomen
939 3327 1102 3404 Thesides
1116 3329 1296 3404 sublatere
1310 3344 1467 3422 autumo,

95 3447 310 3520 notissimum
322 3445 383 3519 vel
392 3469 441 3519 ex
453 3443 531 3520 cod.
544 3469 632 3519 saer.
647 3467 716 3518 neo
728 3444 755 3519 J
755 3441 942 3517 udaeorum
952 3443 1062 3518 modo
1071 3447 1283 3544 proprium¹¹.
1327 3451 1372 3522 In
1386 3475 1417 3522 v.
1432 3453 1467 3524 3.

96 3562 144 3638 ct
160 3570 552 3643 ΛΦΟΥΓΟΡΜΑΗΙΚΙ.
605 3563 681 3664 Ipsi
705 3563 864 3662 lapidem
888 3566 1044 3641 intuenti
1070 3569 1218 3644 suborta
1234 3583 1290 3646 est
1310 3574 1468 3672 primurn

96 3686 240 3784 suspicio
255 3709 314 3760 me
330 3683 392 3760 hio
409 3683 688 3782 deprehendisse
707 3690 977 3761 κεΡΑΜΙκΟΟ
993 3687 1054 3761 vel
1078 3694 1386 3780 κεΡΑΜΕΙΚΟΟ,
1404 3708 1470 3771 sta·

96 3803 221 3901 timque
247 3806 404 3904 cogitavi
434 3803 480 3878 de
509 3804 577 3879 loc.
606 3828 695 3878 seer.
725 3803 928 3880 illustrato¹z
956 3805 1107 3882 frustra!
1161 3809 1205 3884 In
1232 3813 1267 3886 4.
1291 3817 1472 3891 consentit

128 4003 232 4065 'Confi
246 4005 327 4064 Fsse.
339 4023 370 4064 n.
383 4005 499 4065 Assar.
512 4005 614 4084 pest.
804 4027 833 4068 v.
847 4007 893 4070 36.
915 4011 964 4070 eni
983 4012 1058 4070 sons.
1073 4013 1191 4091 Joseph.
1204 4013 1317 4094 Antiqq.
1331 4033 1384 4077 xx.
1401 4023 1428 4081 5.
1446 4025 1470 4080 l.

129 4109 233 4168 ‘cont
247 4107 343 4170 Itiner.
357 4107 414 4166 vol.
424 4125 465 4168 Ν.
480 4127 504 4168 o.
515 4111 542 4168 8.
556 4128 584 4185 ρ.
595 4111 661 4169 344.
803 4107 910 4168 Euseb.
925 4109 1059 4170 Mn.
1077 4113 1121 4172 112

129 4207 281 4266 'Obviam
298 4216 344 4266 est
361 4207 393 4264 in
408 4207 499 4266 Cicer.
515 4207 604 4284 Epist
617 4208 658 4266 od
668 4208 752 4266 Diem.
842 4207 849 4240 ¹
869 4205 936 4267 Scil.
951 4209 980 4268 S.
991 4209 1097 4268 Matth-
1113 4217 1211 4271 xxvn.
1223 4211 1251 4276 7.

97 4319 131 4362 vn
142 4308 183 4365 10.
203 4306 239 4364 In
252 4305 401 4366 soonvide
411 4305 440 4366 S.
455 4307 526 4366 Lus.
536 4305 753 4384 Μῶφι.

755 4404 805 4470 s2
