4028 5258
167 505 404 593 rusencnxv]
461 521 463 526 ·
788 507 941 574 LlBYA.
1504 519 1566 582 329

168 709 375 792 capessunt,
388 697 513 793 quales
527 709 629 771 erant
641 699 797 796 strategi,
810 713 876 772 etc.
912 701 1020 798 Legit
1030 700 1090 775 hic
1102 701 1164 795 A,
1175 703 1290 777 invito
1304 705 1434 803 lapide,
1454 703 1504 783 εἷς
1524 697 1566 780 τὸ

167 817 330 916 μέλλον.
383 829 428 899 ln
450 829 504 899 14.
530 826 650 900 media
674 851 801 899 versus
818 825 867 900 H.
884 833 1133 922 ΥΚΟΥΙὶΙωΙὶ,
1161 836 1343 918 ΜΑΛΟΝ,
1368 837 1562 905 ΑΙωΝΟΝ

170 957 569 1038 [ΥΝΘΕΙΑΝΨΥΛΑΕ
604 963 670 1024 etc.
738 951 784 1022 In
816 951 888 1025 hoc
918 976 1026 1024 versu
1060 943 1308 1042 διαμισθώσει
1338 965 1394 1027 est
1427 953 1565 1030 ebccbit

167 1069 319 1144 mercede
335 1085 454 1170 pacto,
482 1085 519 1144 et
543 1071 614 1145 hoc
639 1095 685 1144 ne
711 1071 844 1167 injuria
868 1071 972 1146 fieret
993 1073 1170 1170 agricolis,
1188 1085 1255 1146 etc.
1274 1099 1340 1170 per
1365 1075 1511 1149 fraudes
1528 1088 1565 1147 et

167 1189 314 1285 rapinas
336 1192 625 1287 publicanorum.
690 1195 806 1266 Notes
832 1193 964 1267 iterum
992 1196 1157 1292 epitasim
1184 1196 1222 1268 in
1248 1197 1389 1293 loquut.
1421 1201 1561 1288 βουλο-

164 1303 294 1404 μένοις
309 1307 486 1394 ἑκουσίως
497 1311 771 1414 προέρχεσθαι“.
817 1319 943 1392 Verba
955 1308 1192 1416 πρόσκαιρον
1204 1316 1349 1395 ἀδικίαν
1366 1327 1563 1424 expediun-

167 1452 229 1514 tur
244 1466 309 1538 per
325 1432 474 1513 αἰώνιον
493 1433 707 1535 συνήθειαν.
746 1445 813 1516 Est
825 1469 890 1538 πρ.
912 1437 970 1514 aa.
990 1441 1125 1542 injuria
1142 1469 1220 1542 qaae
1230 1469 1296 1543 per
1307 1445 1403 1522 breve
1421 1448 1564 1548 aliquod

167 1571 304 1658 tempus
320 1559 449 1650 carae,
467 1557 670 1658 imperalis.
723 1559 844 1632 Possis
862 1573 899 1632 et
912 1584 1056 1632 sensum
1074 1559 1284 1656 adsciscere,
1301 1591 1379 1663 quoe
1395 1568 1565 1643 occasioni

167 1679 319 1774 inservit,
337 1705 383 1754 sc.
402 1679 545 1779 tempori
560 1679 694 1768 idonea,
712 1680 776 1754 sed
794 1679 854 1754 hic
871 1706 954 1754 curn
972 1681 1120 1755 notione
1138 1681 1310 1779 adjuncta
1326 1687 1519 1782 injustitia.

244 1802 312 1875 IV.
343 1801 515 1898 Spectant
532 1826 613 1897 quae
631 1812 833 1896 sequuntur
846 1801 892 1874 ad
903 1811 1057 1876 aestaset
1070 1828 1211 1876 arares.
1262 1805 1412 1902 Duplex
1429 1807 1563 1904 injuria

166 1931 324 2004 notatur,
342 1919 387 1992 ad
411 1944 520 2015 quam
547 1917 775 1992 admovenda
792 1932 847 1992 est
864 1918 1063 1992 correctio:
1092 1919 1130 1991 in
1153 1920 1278 2016 primis
1296 1925 1343 1996 ab
1359 1924 1403 1997 iis
1420 1938 1561 2021 patrata

168 2041 232 2136 qui
262 2041 378 2113 aliena
400 2040 524 2114 fenore
550 2041 667 2114 locata
692 2053 823 2137 praeter
841 2043 902 2137 jus
928 2041 1015 2138 ipsis
1041 2066 1211 2115 concessa
1234 2044 1439 2142 exigebant,
1458 2049 1560 2144 quasi

168 2153 313 2250 publica
339 2152 484 2239 fuerint,
508 2152 618 2248 idque
637 2154 762 2251 primae
780 2154 981 2226 exactionis
1010 2146 1339 2254 (πρωτοπραξίας)
1364 2159 1447 2253 jure
1478 2161 1562 2232 abu·

167 2291 296 2364 tentes,
316 2277 573 2373 debitoresque
591 2279 654 2373 qui
677 2277 852 2351 solvendo
877 2279 1033 2375 impares
1050 2293 1153 2352 erant
1170 2279 1207 2352 in
1225 2305 1367 2355 carcere
1387 2279 1560 2378 Πρακτο-

166 2395 252 2500 peip
266 2403 541 2478 concludebant.
594 2404 693 2477 Huic
711 2404 853 2478 obviam
875 2404 948 2477 itur
965 2427 1030 2500 per
1047 2405 1255 2478 mandatum
1273 2421 1315 2480 ut
1332 2433 1439 2481 nemo
1456 2410 1558 2496 liber,

205 2683 215 2705 ¹
229 2675 311 2732 Gitst
323 2674 385 2731 bac
394 2675 571 2733 Latronnius
581 2674 613 2731 in
621 2676 695 2733 obas.
704 2674 740 2732 ad
750 2675 837 2732 inscr.
928 2675 1033 2732 ‘Confi
1048 2675 1138 2749 Epist.
1160 2675 1199 2731 ad
1212 2673 1274 2732 Cor.
1290 2691 1319 2731 11.
1341 2677 1369 2731 4.
1387 2677 1431 2731 18.
1453 2677 1494 2730 Tot
1507 2679 1558 2754 γὰρ

167 2773 295 2832 Philens.
311 2790 396 2831 xxvl.
411 2777 438 2832 8.
453 2793 474 2830 8.
495 2793 523 2850 p.
537 2775 604 2832 343.
619 2772 672 2830 ubi
688 2791 784 2848 supra,
806 2772 838 2828 in
887 2773 1035 2844 βλιπέμινο
1049 2767 1247 2849 πρίσκαιρωᾶ
1258 2767 1282 2828 δὲ
1294 2773 1329 2845 pl
1343 2775 1490 2846 βλιπόμιια
1500 2777 1560 2829 aln-

166 2873 402 2931 inlustrationem
415 2872 583 2950 pleonasmi.
624 2872 769 2930 Convenit
786 2890 835 2947 po-
890 2897 937 2928 μοι.
961 2871 1038 2928 Add.
1052 2871 1109 2946 Ep.
1124 2872 1164 2928 ad
1175 2871 1259 2928 Hebr.
1275 2888 1317 2928 xi.
1331 2873 1379 2930 25.
1411 2871 1442 2930 S.
1457 2873 1557 2930 Marta

165 2973 313 3030 tissimum
340 2983 444 3050 tropus
471 2971 607 3030 orientali
633 2972 745 3048 plagoe;
773 2969 837 3028 ideo
887 2989 953 3029 x111.
975 2973 1021 3028 21.
1053 2970 1084 3029 S.
1099 2969 1193 3027 Marc.
1219 2987 1260 3026 tv.
1279 2971 1322 3032 17.
1345 2979 1375 3026 ct
1398 2969 1429 3026 in
1451 2971 1558 3046 Apocr.

164 3075 232 3150 plus
245 3075 333 3133 seniel
346 3076 378 3132 in
392 3076 481 3134 sacris
494 3075 697 3151 conspicimus,
718 3093 838 3151 praescr·
885 3070 1013 3128 Maccab.
1023 3087 1065 3127 1v.
1081 3072 1123 3128 15.
1138 3072 1165 3126 2.
1200 3067 1360 3126 Herodiaui
1373 3077 1444 3126 sunt
1458 3071 1488 3125 in
1500 3087 1517 3126 1.
1534 3074 1557 3126 1.

164 3175 218 3231 tim
241 3176 272 3232 in
289 3175 430 3233 Paulinis.
471 3177 580 3233 Nostra
603 3175 689 3232 obvia
710 3184 782 3230 sunt
804 3173 837 3230 in
886 3180 953 3246 post
967 3168 1040 3226 med.
1059 3164 1089 3224 ab
1104 3167 1126 3224 οἱ
1144 3165 1189 3242 μὲν
1211 3165 1402 3246 imparemque,
1422 3163 1497 3240 ἴσχω
1518 3171 1558 3228 rt„

163 3273 258 3332 Exodi.
272 3291 374 3332 xxxvl.
389 3277 416 3332 2.
430 3272 541 3350 (Lxx),
564 3271 614 3332 Kal
635 3273 738 3332 inciam
757 3275 836 3332 Mnt'-
886 3273 976 3348 ἑςχὲν,
1002 3271 1025 3326 oi
1048 3266 1073 3327 di
1095 3265 1247 3348 arginancem
1267 3269 1309 3329 civ
1331 3263 1486 3336 lvvanu'av,
1506 3269 1558 3324 ubi

164 3377 206 3436 οἷς
218 3404 231 3416 -
240 3405 252 3416 -
262 3405 274 3416 -
284 3372 383 3438 πένης
393 3375 450 3439 τοὺς
461 3369 566 3448 izoem
576 3376 618 3436 clv
627 3375 717 3443 σοφίιο
727 3403 739 3416 -
748 3403 760 3415 -
770 3405 782 3416 -
791 3377 837 3430 nal
886 3370 1033 3428 cernimus
1040 3368 1270 3444 contrapositum
1279 3385 1337 3424 non
1345 3367 1558 3424 absimilePau-

163 3472 263 3535 τείποις
281 3476 337 3537 τοὺς
357 3473 471 3536 ἑκουσίης
493 3475 660 3547 βουλομένους
681 3467 836 3552 ergompui·
887 3472 948 3528 lino
962 3489 1051 3546 supra
1065 3469 1113 3526 cit.

163 3571 231 3628 actm
243 3575 304 3649 πρὸς
316 3572 351 3627 τὰ
362 3571 426 3650 l'gya
440 3597 465 3626 ι.
475 3596 499 3628 τ.
510 3586 536 3630 λ.
926 3568 1091 3646 Respondet
1110 3567 1290 3642 tenporariaa
1314 3565 1345 3622 in
1366 3565 1430 3622 Lat.
1450 3585 1494 3622 ex.
1513 3585 1556 3639 gr.

202 3667 385 3744 congeneres
399 3669 449 3746 (ut
462 3671 557 3727 obiter
571 3667 682 3740 nomm)
696 3666 836 3725 videntur
886 3671 991 3745 Nepot.
1006 3669 1037 3724 in
1050 3667 1149 3734 Attico,
1163 3683 1214 3722 xrr.
1229 3665 1303 3722 med.
1325 3663 1405 3722 Illud
1416 3683 1502 3721 anam
1515 3667 1557 3721 ic-

163 3763 254 3822 fuisse
269 3765 436 3822 Hebraismi
449 3765 604 3832 notissimi,
619 3763 720 3840 quales
740 3764 834 3822 cerni·
883 3769 966 3845 culpi
976 3767 1107 3835 volamus,
1119 3764 1386 3822 illiusliberalitatea
1399 3783 1483 3839 aeqrce
1494 3773 1557 3822 tern-

162 3885 228 3924 mus
238 3866 271 3922 in
282 3885 359 3942 seqq.
401 3865 520 3925 Samuel.
536 3883 554 3923 1.
573 3869 601 3922 2.
616 3868 663 3925 25.
683 3864 833 3938 βουλόμενος
880 3869 1029 3944 porariam
1042 3885 1125 3943 oeque
1138 3865 1269 3924 callidum
1280 3866 1379 3940 subsc,
1400 3864 1464 3922 be.
1480 3883 1556 3922 occc-

162 3963 289 4031 ἱβοῖιλιτο,
312 3975 343 4021 et
356 3963 385 4021 S.
403 3965 474 4022 Luc.
486 3964 542 4021 Εο.
558 3981 635 4022 xxn.
654 3967 696 4022 15.
712 3961 835 4042 ἐπιθυμίᾳ
884 3969 957 4026 aiom
977 3968 1138 4034 capientem,
1161 3965 1241 4041 quod
1266 3965 1364 4040 ipsum
1391 3973 1421 4021 et
1447 3965 1556 4021 bonurn

163 4063 306 4140 ἰπιθίροισα
318 4070 393 4121 τοῦτο
414 4069 442 4122 τὶ
464 4069 565 4139 πάσχι
585 4068 675 4134 camb
691 4061 746 4138 μεθ’
760 4065 836 4138 ipsit,
888 4087 1005 4127 sensum
1018 4075 1118 4124 nostro
1131 4063 1271 4140 adquirit,
1286 4073 1322 4121 ut
1336 4063 1366 4119 in
1385 4074 1558 4139 argumento

163 4178 216 4226 etc.
267 4167 350 4226 Conf.
376 4167 482 4225 Glaesii
500 4166 602 4225 Plu'lcl.
619 4167 699 4228 Sacc.
724 4177 794 4227 tom.
815 4186 833 4226 a
886 4167 993 4225 notavi.

162 4286 210 4344 pp.
224 4263 373 4328 643-646.
394 4266 449 4324 Ed.
463 4266 550 4325 Datb.
