3994 5244
457 511 519 574 268
878 506 926 572 IN
930 505 1231 573 SCRIPTIONES
1254 503 1445 570 GRAECAE.
1524 503 1644 592 [rusca.
1657 522 1855 570 cccmxrr.

458 705 605 776 minime
624 715 793 776 contente
815 727 952 775 musam
977 702 1091 798 magis
1115 699 1336 773 exorabilem
1355 699 1392 770 in
1411 696 1517 770 tertia
1543 695 1662 768 suerat
1689 707 1851 792 experta.

460 825 502 897 lu
529 850 562 896 v.
582 828 616 896 2.
642 825 717 896 init.
736 821 776 898 S.
803 819 1152 916 ΕΓΡΑψΑΑΚΟΥΟ,
1177 837 1266 910 etc.;
1293 833 1414 894 reete:
1443 818 1507 891 sed
1536 820 1572 890 in
1600 843 1719 904 versu,
1744 843 1854 914 quem

458 946 534 1018 siue
560 944 682 1028 dubio,
707 945 853 1018 volebat
879 946 1078 1018 Iambieum
1108 969 1186 1017 esse
1211 944 1373 1040 scriptor,
1399 955 1553 1014 metrum
1583 941 1716 1012 titubat
1740 941 1779 1012 in
1803 965 1855 1012 se·

457 1068 577 1140 cunda
590 1069 685 1152 sede,
699 1070 803 1164 cujus
816 1067 992 1142 fulciendi
1009 1069 1123 1167 gratia
1140 1067 1340 1164 interposui
1352 1067 1387 1138 in
1400 1066 1551 1138 minusc.
1566 1056 1646 1156 μέν.
1676 1065 1853 1138 Fortassis

457 1189 516 1261 hie
533 1191 714 1262 cernimus
737 1189 912 1262 incuriam
937 1189 1111 1287 lapicidae.
1130 1189 1235 1284 cujus
1262 1185 1430 1283 exerupla
1455 1211 1528 1258 non
1555 1184 1688 1258 desunt
1711 1186 1750 1258 iu
1774 1187 1854 1260 reli·

457 1309 546 1402 quis.
600 1311 641 1380 ln
669 1334 701 1380 v.
722 1311 753 1380 3.
785 1307 838 1404 (2.
865 1311 987 1403 metr.)
1013 1307 1063 1380 P.
1084 1312 1286 1392 corace,
1311 1305 1410 1400 quod
1437 1303 1718 1402 inAnthologie
1741 1307 1852 1380 Pelet
1948 1316 1957 1341 ⁸

457 1425 664 1500 emendavit
698 1427 841 1502 Jacobs.
905 1428 949 1498 In
984 1425 1043 1498 fin.
1074 1451 1109 1498 v,
1136 1423 1174 1500 S.
1203 1431 1360 1500 ΜΘΟΝ.
1431 1426 1475 1496 In
1506 1429 1539 1497 4.
1574 1427 1629 1512 (3.
1656 1427 1780 1523 metr.)
1811 1427 1852 1505 S.

458 1551 702 1620 ΒΑΟΙΛΕΟΟ.
757 1547 800 1618 In
820 1550 855 1618 5.
870 1549 923 1636 (4.
940 1545 1060 1639 metr.)
1073 1546 1306 1618 consentiunt
1317 1569 1442 1617 omnes
1460 1546 1495 1616 in
1511 1545 1591 1620 lect.
1605 1550 1853 1634 ΟΔΥΡΜΟΟ,

459 1665 605 1749 ideirco,
618 1665 733 1738 oculis
751 1665 840 1737 meis
859 1665 1009 1738 nimium
1029 1664 1140 1736 fidere
1156 1663 1300 1748 invitus,
1318 1663 1454 1735 mutavi
1474 1663 1573 1758 quod
1590 1663 1853 1762 descripseram

457 1789 543 1882 ipse,
561 1791 805 1870 ΟΔΥΡΜΟΥ,
823 1799 861 1860 et
878 1788 1100 1860 contuleram
1121 1787 1303 1870 Hebraeo',
1322 1787 1416 1885 Πξξὶξ
1436 1756 1514 1882 ll.)
1535 1787 1604 1886 Ἓξ
1623 1756 1853 1888 ‘'lb-”llll

457 1913 628 1985 inArab.
656 1913 726 2028 pls
755 1909 1261 2016 mfljlalbatvy....l3‚
1288 1924 1324 1983 et
1349 1909 1640 1984 inaxxadlitt.
1669 1907 1746 1984 Καὶ
1768 1908 1851 1988 οὐκ·

459 2025 511 2109 ἔτι
521 2075 729 2090 ·········
738 2025 843 2137 φωνὴ
864 2033 1057 2128 κλαυθμοῦ
1073 2031 1132 2107 καὶ
1149 2025 1254 2134 φωνὴ
1270 2032 1444 2131 κραυγῆς.
1486 2036 1629 2110 Deinde
1641 2035 1686 2108 P.
1703 2044 1854 2114 ΗΛΙΠΑ

457 2165 532 2232 ΛΑΙ
565 2171 603 2231 et
635 2163 902 2232 ΜΕΜΝΟΝω.
968 2159 1012 2230 In
1043 2183 1074 2228 v.
1094 2159 1128 2230 6.
1160 2159 1212 2252 (5.
1242 2157 1367 2252 metr.)
1396 2155 1446 2228 P.
1475 2163 1500 2228 Γ
1501 2161 1720 2243 ΟΟΟΑΗΝ,
1752 2159 1855 2253 quod

458 2285 618 2357 restituit
648 2285 808 2374 Jacobs,
838 2283 966 2356 relicto
993 2283 1105 2367 hiatu,
1133 2281 1266 2378 γοῶσα
1284 2273 1350 2374 ἤια
1388 2282 1452 2356 sed
1478 2283 1517 2354 in
1543 2283 1676 2354 talibus
1704 2285 1855 2380 gravius

458 2415 643 2497 peceatum
663 2417 717 2474 est
735 2403 957 2475 monimento
974 2403 1165 2475 adversari.
1217 2403 1366 2475 Rectius
1383 2400 1423 2478 S.
1441 2408 1557 2488 ΔΗΝ,
1575 2421 1657 2499 post
1674 2403 1776 2498 quod
1793 2429 1856 2477 ex-

458 2525 675 2620 spectaveris
702 2531 745 2611 A,
771 2525 796 2596 h
827 2549 858 2596 e.
884 2531 956 2612 ΔΕ,
986 2523 1049 2597 sed
1073 2524 1226 2622 vestigia
1252 2523 1457 2597 nullatenus
1481 2523 1665 2620 adparent,
1691 2522 1855 2598 fortassis

457 2667 521 2738 per
538 2643 792 2740 negligentiam
812 2644 952 2716 omissa.
1007 2645 1101 2716 Dein
1120 2642 1165 2714 P.
1194 2649 1471 2717 ΝΑΜΒΥΕΗΟ.
1527 2645 1569 2716 In
1599 2647 1631 2716 7.
1652 2645 1704 2736 (6.
1725 2649 1853 2742 metr.)

457 2759 506 2832 P.
520 2769 747 2848 ΑΝΑΡΟΡΑ,
766 2764 803 2836 S.
818 2768 1072 2836 ΑΝΛΡΟΡΑΔ
1084 2815 1093 2834 .
1106 2768 1218 2848 ΝΥΝ,
1236 2776 1346 2854 recte,
1364 2763 1480 2860 spatio
1498 2764 1723 2862 interposito.
1766 2766 1853 2842 Cer·

456 2884 634 2954 tissimum
652 2883 790 2978 opinor,
809 2894 961 2954 tractato
978 2881 1108 2978 lapide,
1124 2881 1222 2977 quod
1240 2881 1425 2978 colligatio
1443 2883 1509 2956 litt.
1530 2885 1672 2980 qualem
1687 2890 1851 2984 expressi

456 3003 610 3074 admissa
636 3002 799 3076 saerata
826 3001 1066 3098 quadratario
1091 3007 1123 3074 Η
1148 3015 1185 3073 et
1209 3010 1251 3073 Ν.
1306 3004 1471 3098 Uterque
1497 3005 1535 3076 in
1561 3006 1622 3078 fin.
1645 3032 1677 3078 V.
1703 3011 1825 3084 ΦΘΕΓ
1827 3015 1853 3080 Γ

458 3129 600 3196 ΜΑΤΑ.
650 3125 773 3195 Recte.
822 3121 877 3197 ef.
896 3145 1082 3219 praegress.
1102 3147 1134 3193 v.
1151 3125 1181 3194 7.
1236 3123 1277 3194 In
1298 3123 1362 3195 ult.
1381 3123 1427 3196 ad
1445 3123 1504 3196 fin.
1535 3129 1579 3198 1².
1599 3131 1849 3213 ΛΕΙΥΑΝΟΙΙ,

455 3240 494 3316 S.
515 3246 770 3315 ΛΕΙΥΑΝΟΝ.

531 3368 564 3438 N
567 3381 644 3439 otes
663 3353 940 3461 ἐκμεμαγμένον
951 3369 988 3440 in
1006 3371 1039 3440 4.
1053 3370 1106 3464 (3.
1122 3366 1257 3460 metr),
1269 3391 1394 3439 sulcem
1408 3367 1513 3440 bonae
1528 3381 1632 3454 notae,
1643 3393 1850 3468 expressum,

455 3492 629 3588 affictum'.
668 3481 807 3564 Εἱκόυα
825 3505 879 3564 ost
897 3491 947 3570 εἷς
959 3493 1016 3566 vel
1029 3481 1107 3564 κατ’
1124 3479 1257 3576 εἰκόνα,
1276 3492 1366 3564 utin
1385 3505 1458 3564 not.
1472 3492 1552 3566 inlr.
1568 3489 1618 3569 eir
1638 3481 1705 3564 τὸν
1720 3471 1871 3564 saluos

459 3619 518 3690 Sic
537 3616 646 3690 habet
663 3617 778 3703 Plato,
791 3611 1049 3714 δεσμωτηρίου
1069 3605 1202 3700 εἰκόνα,
1216 3629 1256 3688 ut
1273 3609 1388 3709 δίκην,
1400 3617 1522 3700 uester,
1533 3617 1583 3690 ad
1594 3617 1780 3718 armatior,
1793 3617 1851 3692 ad·

456 3739 571 3810 verbii
583 3739 663 3812 loco
675 3751 899 3836 usurpatum.
926 3741 969 3812 In
982 3741 1051 3812 hoe
1063 3762 1317 3812 roone-ursum
1332 3739 1513 3811 cemimus
1524 3763 1631 3834 quem
1645 3739 1697 3811 rei
1709 3739 1850 3812 mericae

495 3909 505 3930 ’
521 3899 627 3977 Proph.
644 3902 709 3958 Issi.
723 3918 791 3960 exv.
806 3907 849 3967 19.
1177 3899 1323 3979 Lycophr.
1338 3901 1369 3957 in
1383 3901 1521 3960 Oaraudr.
1535 3901 1603 3964 713.
1619 3903 1704 3974 Οἲμις
1721 3895 1849 3974 pestilens

496 3999 606 4055 'Confi
622 3997 926 4074 Theochdyldxvtt.
942 4003 1125 4060 l2l.s.1ttot·
1174 4000 1483 4076 μητρὸςίυμιμαγμίιας,
1499 3999 1560 4058 scil.
1588 3999 1727 4058 Sirenum
1747 4011 1850 4058 mutus

456 4122 490 4158 m
506 4091 543 4152 'alt
556 4097 677 4174 speeiem
690 4095 779 4153 sonim
793 4093 827 4154 iu
842 4100 917 4176 θερμὰ
937 4101 1004 4174 serap
1025 4099 1125 4164 Σταβὸ-
1177 4117 1249 4174 quos
1263 4097 1383 4155 dederat
1395 4097 1594 4174 Terpsichore.
1615 4097 1849 4173 Tralaticiequo·

453 4221 522 4269 μινυς
543 4195 678 4274 readducit
691 4193 770 4253 mliv
790 4196 946 4268 inpulsum
964 4201 1030 4272 ἴχνη,
1050 4198 1127 4254 sicut
1177 4217 1234 4274 que
1249 4197 1341 4260 Plato,
1367 4198 1447 4254 citat.
1461 4217 1478 4254 a
1492 4198 1607 4254 Pastor.
1621 4196 1651 4252 ln
1666 4213 1685 4252 1.
1700 4193 1807 4272 p.668.
1821 4197 1848 4254 b.

457 4295 553 4352 Latini
575 4293 634 4370 (ex.
649 4314 672 4352 c.
694 4295 857 4352 Nemesion.
879 4296 909 4351 in
927 4295 1049 4370 Gyuepet.
1068 4294 1127 4370 ll.)
1177 4297 1256 4354 Αὐτὸν
1270 4293 1403 4369 inprims·
1423 4319 1449 4352 n
1469 4301 1514 4352 ui
1529 4293 1652 4352 luserim
1675 4299 1706 4357 st
1726 4295 1785 4359 τοὺς
1803 4295 1846 4352 τό·

451 4391 551 4465 premit
575 4389 693 4464 vestigia.
736 4389 935 4459 Reconditius,
960 4411 1014 4472 sno
1037 4411 1125 4460 more,
1177 4418 1250 4460 πως,
1280 4401 1307 4448 to
1335 4389 1423 4450 model
1447 4390 1561 4467 liutsdfi
1585 4399 1650 4458 ete,
1678 4389 1847 4467 metaphora
