3994 5242
122 567 220 614 neon.
232 551 475 636 cccv1.cccv11.]
539 605 541 612 ,
712 549 914 617 PATARA.
1465 555 1506 620 89

120 735 190 808 dita
206 748 305 822 cunt,
324 735 399 808 scil.
417 735 456 808 in
473 760 580 808 usum
597 735 743 823 civium,
762 737 894 833 quibus
918 735 1062 810 suerent
1082 735 1268 810 destinata.
1322 737 1508 814 claudunt

121 865 266 938 titulum
286 855 381 940 κατὰ
399 855 446 940 τὰ
466 857 718 966 ἐψηφισμένα,
734 879 777 940 ut
793 866 958 942 videmus
971 868 1009 940 in
1023 869 1092 942 titt.
1108 871 1246 946 Xanth.
1265 873 1345 946 infr.
1361 898 1507 950 cccxlx.

121 1009 249 1062 cccxx.
267 987 333 1060 ult.

689 1198 879 1276 CCCVII.
906 1200 939 1273 b.

418 1405 1111 1476 ΤΕΙΜΑΙΩΠΛΑΤΩΝΟΣΠΑΤΑΡΕΙ

422 1519 1032 1590 ΚΑΙΞΑΝΘΙΩΠΟΛΙΤΕΥΣΑΜΕ

420 1631 1103 1702 ΝΩΔΕΚΑΙΕΝΤΑΙΣΚΑΤΑΛΥΚΙΑΝ

422 1743 1083 1815 ΠΟΛΕΣΙΠΑΣΑΙΣΤΗΝΟΣΓΟΘΗ

344 1857 367 1926 5
421 1855 962 1927 ΚΗΝΙΑΣΩΝΑΝΤΙΓΟΝΟΥ

422 1966 1058 2038 ΠΑΤΑΡΕΥΣΑΛΛΩΔΕΜΗΕΞΕΣ

418 2080 1133 2150 ΤΩΤΕΘΗΝΑΙΕΑΝΔΕΤΙΣΤΙΝΑΘΗ

418 2190 1059 2264 ΟΦΕΙΛΕΤΩΙΕΡΑΣΑΠΟΛΛΩΝΙ

419 2300 1209 2376 ΔΡΑΧΜΑΣΠΗΣΠΡΑΞὩΣΚΑΙΠΡΟΣ

322 2415 368 2486 10
419 2413 1211 2487 ΑΝΓΕΛΙΑΣΟΥΣΗΣΠΑΝΤΙΤΩΒΟΥΛΟ

422 2526 897 2598 ΜΕΝΩΕΠΙΤΩΗΜΙΣΕΙ

122 2741 262 2848 Τιμαίῳ
291 2739 511 2839 Πλάτωνος,
541 2745 712 2846 Παταρεῖ
742 2744 801 2822 καὶ
829 2741 992 2848 Ξανθίῳ,
1027 2742 1334 2848 πολιτευσαμένῳ
1372 2739 1412 2821 δὲ
1450 2745 1510 2821 καὶ

124 2877 160 2951 έν
179 2879 259 2958 ταῖς
287 2871 382 2954 κατὰ
402 2874 543 2953 Λυκίαν
561 2867 702 2952 πόλεσι
721 2869 875 2968 πάσαις,
904 2868 972 2972 τὴν
1001 2870 1215 2974 ὀστοθήκην
1234 2867 1371 2954 Ἰάσων
1386 2871 1509 2953 Ἀντι-

122 3003 235 3106 γόνου
254 3002 460 3110 Παταρειίς·
491 3003 600 3110 ἄλλῳ
620 2999 659 3082 δέ
679 2998 730 3102 μὴ
751 3000 894 3108 ἐξέστω
914 3006 1074 3102 τεθῆναι·
1106 2999 1170 3082 ἐὰν
1189 3001 1234 3082 δέ
1257 3001 1312 3088 τίς
1338 3039 1421 3084 τινα
1450 3007 1510 3110 θῇ,

123 3139 303 3245 ὀφειλέτω
334 3135 432 3242 ἱερὰν
458 3131 677 3216 Ἀπόλλωνι
712 3134 879 3240 δραχμὰς
913 3133 1139 3240 τρισχιλίας,
1169 3139 1234 3236 τῆς
1250 3131 1421 3241 πράξεως
1450 3141 1511 3217 καὶ

217 3267 515 3373 ,προσαγγελίας
533 3267 650 3366 οὔσης
669 3268 780 3346 παντὶ
799 3267 851 3372 τῷ
870 3266 1090 3373 βουλομένῳ
1110 3268 1170 3346 ἐπὶ
1188 3269 1240 3374 τῷ
1259 3267 1397 3367 ἡμίσει.

193 3502 387 3598 Descripta
403 3499 450 3573 de
467 3501 544 3573 bosi
566 3499 695 3597 (credo
708 3497 859 3572 ossuorii
875 3498 912 3570 in
926 3523 982 3570 vv.
999 3497 1104 3594 4-5.)
1116 3496 1213 3594 opud
1230 3499 1369 3572 Potare.
1407 3501 1510 3572 Para-

123 3635 221 3695 veret
245 3621 339 3694 illud
356 3622 481 3708 Joeon
502 3621 592 3693 civis
618 3619 832 3706 Paterensis,
858 3617 955 3692 filius
972 3619 1162 3718 Antigoni,
1182 3618 1401 3693 destinatum
1427 3623 1509 3694 usui

124 3741 251 3814 Timaei
270 3741 349 3840 (vel
367 3739 582 3836 Timarchi)‚
602 3740 692 3812 civis
705 3739 910 3812 Patarensis
928 3751 966 3812 et
982 3738 1147 3824 Xanthii,
1166 3763 1307 3812 necnon
1326 3741 1362 3812 in
1380 3742 1509 3814 ceteris

122 3863 259 3935 cunctis
276 3861 429 3934 urbibus
447 3860 569 3958 Lyciae
582 3859 728 3932 civitate
741 3858 875 3945 donati,
889 3883 971 3932 cum
990 3857 1242 3932 interdictione
1259 3883 1305 3931 ne
1323 3861 1403 3957 quis
1421 3861 1511 3934 alter

123 3982 158 4054 in
174 4007 219 4055 eo
235 3995 392 4079 ponatur
409 3980 477 4052 sub
494 4005 599 4076 poene
615 3979 740 4052 multoc
757 3977 924 4074 Apollini
940 3976 1152 4075 pendendae,
1170 3993 1237 4050 etc.

194 4100 400 4175 Ediderunt
417 4101 522 4174 varii:
552 4100 669 4197 primo
687 4098 906 4196 Walpolius'
927 4122 976 4170 ex
990 4097 1284 4186 Coekerellionis‚
1303 4098 1435 4174 deinde
1462 4125 1510 4173 ex

617 4323 627 4347 ¹
641 4317 702 4376 Ubi
715 4337 794 4394 supr.
809 4337 837 4394 p.
848 4319 915 4378 541.
930 4335 958 4375 n.
968 4321 997 4376 5.
