3918 5240
120 563 209 610 isses.
221 565 341 612 oocmv.
359 547 411 635 b.]
714 553 882 621 PHILAE.

662 895 872 976 CCCLIV.
898 901 932 972 b.

334 1101 537 1172 ΒΑΟΙΛΕω
912 1109 1107 1195 Βασιλέως
1127 1117 1379 1213 Πτολεμαίου,

328 1220 536 1292 ΤΟΥΚΑΙΑ
910 1237 977 1309 τοῦ
996 1231 1057 1311 καὶ
1076 1229 1346 1340 Ἀλεξάνδρου,

325 1337 541 1410 ΤΟΙῚΡΟΟΙ
909 1341 952 1425 τὸ
972 1347 1235 1452 προσκύνημοι,

331 1459 506 1529 ΚΑΙΤΗο
909 1465 971 1542 καὶ
989 1469 1055 1565 τῆς
1074 1470 1331 1572 Βασιλίσσης,

253 1575 274 1644 5
328 1579 466 1648 ΚΑΙΤΟ
908 1581 969 1659 καὶ
988 1587 1062 1661 τῶν
1080 1582 1229 1683 τέκνων,

329 1700 451 1768 ΠΑΡΑ
907 1694 1011 1800 παρὰ
1022 1689 1139 1779 Ἴσιδι
1158 1702 1204 1806 τῇ
1223 1703 1346 1809 κυρίᾳ·

325 1820 382 1887 ΕΓ
384 1814 474 1906 Poe
908 1815 1081 1925 ἔγραψαν
1100 1817 1141 1924 (ὁ
1161 1821 1281 1917 δεῖνα)

328 1943 381 2009 Ε.
402 1943 433 2010 ss
907 1931 1127 2039 Εὐπάτορος
1150 1939 1211 2016 καὶ

373 2060 446 2127 ΑΙΡ
905 2047 1201 2155 Χαιρέστρατος,
1222 2054 1243 2132 ὃ
1264 2049 1341 2137 υἱὸς

228 2177 273 2247 10
403 2181 491 2249 ΑΥ“
906 2171 1031 2252 αὐτοῦ·
1054 2164 1192 2256 Ἕτους
1211 2171 1297 2278 (τοῦ
1316 2171 1466 2278 δεῖνος),

401 2302 498 2372 Mec
907 2291 1070 2396 Μεσορή
1090 2291 1155 2398 (τῇ
1175 2292 1297 2399 δεῖνι).

177 2521 364 2620 Descripta
390 2521 436 2596 de
463 2523 647 2622 propyleeo
677 2525 792 2600 editui
822 2525 1001 2625 proximo,
1032 2523 1276 2597 sinistrorsum
1306 2535 1489 2622 vergente.

111 2639 259 2716 Plurima
275 2643 455 2717 elementa
470 2644 603 2718 obsunt
619 2646 668 2719 ob
684 2671 828 2721 eausam
853 2647 891 2722 in
917 2655 1129 2744 argumento
1147 2668 1344 2742 praegresso
1363 2667 1492 2717 memo·

112 2773 222 2850 ratam,
240 2761 304 2836 sed
321 2765 359 2836 in
378 2763 636 2862 insignioribus
653 2763 822 2841 facillime
842 2763 1044 2864 supplenda
1060 2764 1221 2838 veniunt.
1249 2764 1493 2863 Agnoscimus

111 2903 334 2982 proscyneme
355 2882 542 2958 Ptolemaei
566 2885 649 2971 IX„
678 2886 827 2985 Reginae
857 2887 936 2982 ejus
963 2895 1002 2958 et
1026 2883 1234 2970 liberorum,
1262 2883 1399 2959 foetum
1427 2910 1492 2984 per

109 3002 270 3094 quosdam
300 3003 436 3078 sulinos
465 3005 503 3078 in
530 3005 687 3102 quodam
715 3031 809 3081 anno
836 3003 1021 3080 intervelli
1050 3005 1099 3078 A.
1116 3004 1155 3080 C.
1177 3007 1311 3080 97-90.
1365 3004 1490 3080 Adeas

110 3145 176 3221 ars·
193 3134 338 3222 σου)

176 3249 349 3349 Supplevi
373 3251 413 3324 in
429 3274 465 3323 v.
485 3253 516 3324 6.
542 3241 646 3348 παρὰ
664 3245 711 3349 τῇ
730 3241 839 3350 κυρία
850 3235 970 3324 Ἴσιδι
995 3249 1195 3323 seeundum
1213 3249 1404 3324 formulam
1422 3251 1492 3324 usi·

107 3375 281 3449 tatiorem:
322 3375 414 3449 eonf.
443 3398 585 3452 ccomv.
604 3401 630 3450 ο.
662 3387 700 3450 et
730 3375 774 3450 el.
828 3375 1025 3450 Recentior
1053 3387 1131 3448 eret
1162 3365 1355 3460 δεσποίνα,
1382 3377 1489 3448 utin

108 3521 240 3577 eccm.
255 3529 288 3576 a.
311 3527 347 3575 v.
369 3505 424 3575 17.
475 3503 521 3576 In
538 3525 570 3573 v.
587 3503 619 3574 7.
646 3497 730 3599 post
755 3493 928 3601 ἔγραψαν
945 3511 1138 3597 sequutum
1156 3513 1220 3586 est,
1237 3500 1276 3572 ni
1298 3499 1411 3586 fallar,
1429 3525 1490 3574 no·

107 3641 180 3692 men
194 3621 434 3706 inscribentis,
453 3619 538 3694 dein
554 3619 593 3693 in
611 3621 646 3693 8.
664 3619 777 3718 patris
794 3619 883 3716 ejus,
900 3631 939 3693 et
957 3621 996 3694 in
1015 3621 1049 3692 9.
1068 3617 1144 3692 filii.
1199 3618 1244 3691 In
1263 3619 1296 3692 8.
1316 3616 1489 3718 desen'psi

106 3745 250 3838 primum
268 3753 302 3820 C
318 3803 336 3820 .
356 3751 450 3832 .ΤΡ,
474 3745 578 3841 quasi
599 3743 711 3819 fuerit
727 3735 964 3841 Σώστρατος.
1017 3743 1138 3816 Possis
1154 3741 1233 3816 haee
1250 3743 1371 3816 omnia
1388 3741 1489 3818 etad

107 3863 194 3943 hunc
215 3869 366 3945 modum
388 3871 634 3944 constituere:
656 3853 866 3967 Ἔγραψαν
885 3858 925 3964 (ὃ
946 3861 1081 3965 δεῖνα),
1112 3861 1132 3940 ὁ
1161 3859 1222 3940 καὶ
1251 3861 1488 3966 Σώστρατος,

105 3983 158 4064 καὶ
174 3981 470 4092 Χαιρέστρατος,
492 3987 512 4067 ὁ
533 3983 611 4072 υἱὸς
631 3987 757 4068 αὐτοῦ.
812 3993 886 4072 Sed
903 3995 1050 4070 levioris
1067 3996 1241 4069 momenti
1259 4009 1323 4084 est,
1337 4008 1379 4071 ut
1396 4009 1433 4071 et
1449 3999 1488 4072 in

105 4131 137 4184 v.
153 4117 207 4188 ll.
227 4127 349 4190 utrum
375 4113 573 4214 legendum
599 4113 646 4187 sit
673 4119 872 4189 ΜΕΟΟΡΗ
891 4139 937 4189 an
956 4120 1131 4188 ΜΕΧΕΙΡ.

235 4361 247 4393 ⁹
261 4351 345 4410 conf.
360 4350 499 4409 Letronn.
511 4349 581 4407 ibid.
595 4367 622 4426 p.
634 4346 680 4412 77.
692 4345 745 4405 ubi
759 4345 930 4406 restituitur
939 4344 987 4404 hio
1001 4345 1110 4406 titulus
1124 4365 1218 4426 usque
1232 4347 1269 4408 sd
1282 4369 1309 4408 v.
1323 4348 1351 4412 7.

163 4473 281 4522 snsmo.
297 4475 347 4520 111.
806 4467 829 4510 r
