3994 5244
123 550 422 639 mutassemus]
711 547 896 614 THEBAE.
1433 545 1496 610 263

122 749 280 846 supplem.
303 739 422 845 ἐφίης.
487 744 610 818 Possis
637 767 686 816 ex
714 742 883 818 Saltianis
913 765 1039 814 eruere
1066 752 1104 814 et
1129 733 1238 832 ἕηκας
1255 738 1315 812 vel
1341 733 1494 836 ἐφῆκας.

122 876 168 946 De
179 873 316 968 loquut.
337 863 429 942 ἱέναι
448 861 536 958 ὅπα,
556 858 697 968 φωνήν,
716 883 784 943 etc.
803 867 895 942 conf.
912 891 1007 964 supr.
1029 887 1215 942 ocouxxv.
1233 875 1307 936 not.
1321 864 1354 964 f.
1369 889 1400 960 p.
1453 861 1497 932 In

121 1023 147 1072 v.
164 1001 194 1070 9.
210 998 289 1070 init.
310 996 493 1093 supplevit
510 997 685 1069 Letronn.
704 995 815 1068 τοῦτο
836 983 866 1064 δ’
884 985 1029 1092 ἔγραψε
1041 990 1084 1064 Γ.
1125 993 1246 1065 Possis
1258 1005 1296 1065 et
1308 994 1369 1088 (ut
1379 1012 1496 1085 supra,

17 1209 18 1216 χ
121 1145 308 1198 ccooxvm.
323 1120 402 1219 12.)
422 1110 522 1194 ταῦτ’
544 1109 714 1218 ἐχάραξε,
733 1120 797 1194 sed
822 1120 970 1217 praelata
986 1119 1099 1193 habui
1119 1118 1320 1192 secundum
1340 1117 1499 1193 Saltiaua

17 1269 19 1352 ζ
120 1273 189 1342 quae
204 1248 241 1320 in
256 1247 406 1320 minusc.
426 1245 513 1319 dedi
529 1271 578 1319 ex
596 1268 741 1323 occmx.
764 1271 795 1318 o.
812 1249 843 1318 5.
859 1270 886 1318 s.
925 1233 981 1316 Τὸ
997 1257 1053 1317 est
1069 1245 1384 1328 demonstrativum,
1405 1243 1499 1316 sicut

17 1459 18 1464 χ
120 1372 151 1446 in
166 1372 343 1470 plerisque
361 1371 575 1445 Home1icis.
631 1371 767 1467 Scripsi
792 1371 830 1443 in
857 1369 981 1466 primis
1007 1358 1162 1465 γράμμα
1185 1358 1264 1442 τόδ’
1286 1359 1366 1441 εἷσε
1385 1365 1428 1439 Γ.
1448 1392 1497 1439 so.

17 1469 18 1556 i
115 1495 231 1592 posuit,
251 1509 294 1570 ut
319 1487 438 1588 ἔθηκε.
492 1493 601 1588 Quod
627 1493 725 1582 dicit,
753 1486 958 1586 ἀμοιβαδίς,
984 1495 1090 1593 plane
1117 1493 1164 1567 ad
1189 1493 1498 1568 conlaborantium

17 1615 18 1622 ’
120 1617 303 1690 tentamina
320 1627 466 1712 spectat,
484 1639 560 1688 meo
576 1613 650 1688 vice
666 1639 763 1701 ustos,
783 1638 852 1710 pro
862 1627 968 1712 purte
983 1639 1084 1703 meo,·
1109 1615 1275 1710 opinatus
1294 1615 1370 1688 siue
1388 1613 1500 1687 dubio

119 1735 207 1830 quod
222 1733 339 1812 Sutia
356 1749 404 1809 ost
420 1733 602 1820 clementio,
629 1761 738 1834 quum
764 1748 811 1808 tot
835 1734 959 1834 ubique
978 1735 1125 1810 Vatibus
1150 1761 1321 1822 occurras,
1341 1734 1499 1834 perituro

17 1867 19 1924 ζ
116 1881 249 1950 parcere
272 1879 366 1930 soao.
420 1853 554 1928 Sensus
577 1877 734 1950 quoque,
751 1853 915 1940 uicissim,
933 1855 1143 1948 ultumum,
1160 1855 1281 1927 innuit
1297 1856 1386 1928 alios
1407 1855 1500 1928 subi·

121 1991 219 2068 turos,
236 1980 350 2052 instar
366 1978 630 2063 amoebaeorum
653 1990 695 2050 ut
719 1977 757 2050 in
776 1977 931 2050 Theocr.
951 1970 1083 2075 ἄνδρες
1099 1969 1232 2051 Καλὸν
1252 1969 1501 2076 ε’θειράζοντεν

121 2097 304 2193 ἀμοιβαδὶς
323 2095 490 2174 ἄλλοθεν
509 2093 630 2178 ἄλλος
649 2091 859 2174 Νεικείουσ’
883 2095 1093 2176 ἐπίεσσινω.
1146 2105 1319 2180 Ceterum
1337 2129 1384 2178 ex
1401 2104 1501 2177 fonte

122 2223 306 2297 Homerico
332 2236 369 2296 et
395 2221 465 2295 hoo
495 2221 615 2294 hausit
644 2222 701 2294 vir
731 2223 898 2320 optimus.
951 2225 996 2296 In
1023 2223 1094 2298 fine
1126 2225 1294 2322 supplere
1326 2250 1436 2320 queas
1466 2238 1502 2296 et

121 2337 229 2420 ἐνθάδ’
250 2339 431 2436 ἐσελθών,
452 2339 633 2437 ἐπελθών,
653 2339 834 2438 ἀνελθών,
852 2348 911 2422 vel
929 2361 964 2424 et
984 2341 1130 2444 ὁδεύων,
1146 2352 1246 2448 quod
1264 2353 1501 2427 Homericum

122 2467 227 2562 sapit!

187 2593 275 2686 Quae
300 2603 438 2666 restant
455 2592 626 2665 videntur
647 2589 758 2666 fuisse
783 2594 931 2668 nomina
956 2580 1100 2679 τεκέων,
1119 2620 1273 2692 quorum
1302 2609 1376 2670 tres
1403 2597 1503 2669 dum·

120 2722 211 2788 taxat
238 2739 428 2814 possumus
459 2737 617 2799 exarare,
645 2713 719 2786 soil.
746 2712 957 2812 Eutychum
987 2715 1046 2788 vel
1069 2715 1297 2816 Eutyotium,
1320 2715 1502 2818 Rufillam,

120 2825 306 2928 meiuum
323 2830 384 2904 vel
400 2828 620 2928 Loupiaiom.
659 2829 704 2902 In
716 2828 785 2904 hac
801 2842 904 2928 parte
915 2831 1045 2906 littera
1063 2835 1326 2932 propemodum
1341 2837 1503 2912 evanida

120 2951 323 3032 factasunt.
379 2961 565 3030 ΕΥῙΥΧω
585 2967 663 3028 erat
679 2953 830 3030 sortasse
849 2949 1022 3053 εὐτυχῶς.

629 3183 939 3260 CCCLXXXII.
966 3211 993 3258 r.

650 3350 966 3419 ΤΡΕΒΟΥΛΛΗΟ

259 3469 1225 3542 ΤΗΟΙΕΡΑΟΑΚΟΥΟΥΟΑΦωΝΗΟΜΕΜΝΟΝΟΟ

262 3587 1319 3686 ΕΠΟΘΟΥΝΟΕΜΗΤΕΡΚΑΙΕΞΑΚΟΥΕΙΝΕΥΧΟΜΗΝ

538 3728 787 3835 Τρεβούλλης
807 3725 869 3833 (τὸ
889 3725 1074 3833 γράμμα).

391 3869 469 3965 Τῆς
489 3869 588 3970 ἱερᾶς
608 3860 801 3945 ἀκούουσα
820 3867 947 3970 φωνῆς·
968 3861 1168 3960 Μέμνονος

393 3992 582 4076 Ἐπόθονν
602 4031 661 4092 σε,
679 4000 811 4100 μῆτερ,
831 3991 1053 4100 κάξακούειν
1072 3991 1254 4098 ηὐχόμην.

157 4172 389 4251 ¹1dylt1.33.s
411 4169 552 4230 coltiad.
565 4165 675 4229 02506.
690 4169 781 4246 Apol·
831 4169 954 4226 minuso
978 4167 1072 4244 posui,
1095 4163 1268 4242 propendeo,
1290 4163 1428 4222 versiculi
1449 4183 1507 4222 mo·

123 4268 174 4326 lon.
188 4275 225 4328 ΒΩ
243 4269 327 4330 1226.
833 4287 905 4338 mor,
921 4269 1015 4325 Νείλου
1029 4264 1142 4346 περίεις
1155 4263 1409 4345 κνςποφὸςονμίγνν
1423 4263 1506 4343 πὲρι,

158 4379 170 4402 “
182 4371 260 4429 Iliso
275 4375 312 4430 λ’.
327 4367 395 4434 569.
425 4367 739 4450 8εᾶαᾶποςιὺνν,ᾳινοᾱ
752 4370 783 4427 in
835 4387 864 4423 n.
879 4382 987 4425 ccoov.
1001 4385 1025 4422 a
1043 4366 1067 4422 l.
1082 4383 1162 4440 supr.

768 4466 787 4527 2
804 4484 823 4527 ι.
838 4465 858 4524 2
