3994 5242
122 535 220 582 rusca.
232 516 526 606 sermonumt]
644 515 981 583 ANTIPHELLUS.
1469 519 1509 584 35

122 705 291 808 γυναικὸς
307 710 434 789 αὐτοῦ·
466 707 574 815 ἄλλῳ
594 705 634 787 δὲ
652 711 783 810 μηδενὶ
802 707 946 816 ἐξίστω
965 711 1192 812 ε’γκηδεῦσαί
1207 743 1302 802 τινα,
1322 708 1350 809 ἤ
1366 711 1387 788 δ
1407 708 1510 812 παρὰ

122 848 233 920 ταῦτα
269 836 413 944 δράσας
446 836 667 941 ἁμαρτωλὸς
700 839 798 920 ἴστω
828 847 925 924 θεοῖς
951 839 1222 945 καταχθονίοις,
1256 843 1317 920 καὶ
1350 843 1511 922 εἰσοίσει

122 973 332 1074 προστίμου
352 967 536 1078 ίερωτάτφ
554 971 689 1076 ταμείῳ
708 969 864 1076 δηνάρια
875 973 983 1078 χίλια
993 967 1234 1052 πεντακόσια·
1258 969 1334 1051 ὅδὲ
1351 971 1511 1078 ἐλέγξας

606 1103 798 1214 λήμψεται
816 1104 860 1188 τὸ
881 1109 1019 1212 τρίτον.

191 1295 386 1393 Descripta
402 1293 544 1368 ibidem
557 1293 603 1368 de
621 1295 788 1391 sepulcro
804 1319 894 1392 rupe
911 1294 1035 1368 inciso.
1081 1293 1217 1370 Gravia
1241 1317 1432 1390 perpessus
1457 1294 1511 1367 fu·

124 1427 194 1490 erat
217 1415 311 1512 lapis
337 1427 379 1488 ut
406 1424 507 1510 patet
535 1437 584 1486 ex
610 1412 818 1512 apographo
848 1413 1073 1486 Borrelliano
1101 1411 1200 1510 quod
1221 1410 1432 1486 confecerat
1454 1415 1510 1485 vir

124 1539 274 1612 eximius
299 1564 349 1612 ex
375 1537 516 1612 schedis
534 1539 654 1612 Rossii
680 1538 725 1611 de
744 1537 1005 1634 Bladensburg.
1057 1536 1192 1634 Incipit
1207 1561 1241 1610 v.
1256 1540 1286 1610 1.
1301 1541 1508 1611 ΛΟΥΛΟΣ.

124 1663 257 1762 Nempe
274 1664 452 1762 processit
468 1663 583 1738 oratio
601 1651 878 1759 σνγχωρήσεως
898 1652 1105 1754 δεδομένης,
1123 1661 1183 1734 vel
1208 1686 1291 1736 cum
1308 1660 1430 1736 verbis
1446 1660 1511 1734 hu·

121 1785 304 1879 jusmodi'.
361 1784 604 1882 complexum
620 1783 740 1858 fiterat
756 1783 948 1858 exordium
966 1783 1063 1858 tituli
1081 1783 1254 1872 solennia,
1271 1783 1346 1858 scil.
1365 1784 1511 1856 nomina

124 1907 315 1982 conditoris
338 1898 536 2005 eorumque
563 1907 696 2004 quibus
720 1907 933 1980 monimenti
950 1901 1215 1980 usumfructum
1232 1904 1509 1990 condonaverat,

125 2039 294 2122 potestate
305 2029 453 2124 insuper
462 2027 546 2102 data
558 2027 705 2126 conjugi
715 2029 792 2124 ejus
801 2025 925 2125 Elpidi
935 2023 1350 2100 intromittendiinillud
1361 2025 1509 2098 alterius

125 2168 184 2240 per
199 2145 440 2220 concessionis
456 2143 655 2218 formulam.
709 2143 836 2220 Cuivis
849 2144 953 2217 alteri
969 2143 1197 2239 interdicitur
1214 2144 1281 2216 sub
1298 2167 1404 2240 poena
1420 2141 1511 2216 dira-

125 2289 198 2338 rum
224 2277 263 2339 et
287 2267 419 2340 multae.
471 2267 568 2338 Dein
593 2265 631 2338 in
649 2290 681 2337 v.
696 2267 729 2338 2.
747 2265 822 2338 init.
841 2264 951 2338 habet
968 2266 1068 2337 Rosa.
1092 2269 1277 2338 ΟΥΑΜΩ.
1331 2264 1375 2336 In
1399 2265 1430 2336 3.
1449 2261 1507 2335 fin.

126 2399 285 2466 ΑΝΤΑΕ.
336 2393 433 2464 In5.
451 2391 527 2492 init
548 2393 1128 2474 ΚΑΙΕΙΕΔΙΕΕΙΠΡΟΕΤΕΥΡΟΥ,
1147 2400 1214 2460 etc.
1268 2388 1313 2460 In
1340 2389 1372 2460 6.
1404 2395 1508 2462 etto

128 2515 394 2586 onocoetae
409 2566 566 2582 .....
583 2513 734 2582 ΕΙΤΟΝ.
788 2507 880 2581 Haec
895 2507 1084 2604 praecipua

668 2773 899 2849 CCLXXII„
926 2799 959 2872 g.

267 2962 455 3032 ΧΑΙΡΕῘΕ
474 3011 1088 3029 .................
1106 2957 1309 3028 ΕΘΕΙΤΟΥ

265 3069 1018 3143 ΤΟΥΔΙΦΙΑΛΕΙΠΑΤΟΣΙΦΓΑΡΤΟΥΠ
1037 3122 1055 3136 .
1075 3070 1135 3136 ,Ε

266 3184 481 3256 ΤΠὈΦΩΣ
490 3237 648 3252 .....
657 3185 738 3252 ΕΛ.
755 3236 773 3250 .
790 3183 997 3250 ,ΔΥΕΙΣΑΙ
1009 3235 1027 3250 .
1044 3235 1061 3249 .
1079 3181 1349 3250 ,ΤΟΚΕΙΙἈΙΑ

270 3295 817 3368 ΙΩΝΙΟΝΥΠΝΟΝΟΔΕΥΩΝ

315 3481 487 3584 Χαίρετε,
507 3475 653 3579 τύμβον
672 3481 770 3578 ἐμεῖο
790 3472 1069 3581 προσελθόντες
1087 3477 1296 3580 παροδῖται,

313 3613 392 3691 Τοῦ
412 3607 452 3689 δὲ
473 3609 656 3715 φιλίστου
675 3607 871 3716 ἄφθαρτον
890 3603 1041 3710 ὀδθρετε
1061 3609 1140 3713 φῶς
1160 3602 1379 3712 ἀφανισθέν·

313 3739 462 3824 'Evado'
484 3739 581 3845 e'ydw
598 3738 765 3842 ἀπόκειμ’
786 3739 934 3820 αἰώνιον
954 3741 1071 3820 ὕπνον
1090 3734 1212 3818 ἰαύων.

196 3939 376 4015 Pudorem
393 3939 459 4014 vix
482 3963 710 4036 compescere
733 3961 828 4034 queo
849 3936 920 4010 hoc
943 3935 1059 4022 titulo,
1077 3957 1185 4030 quem
1204 3933 1249 4007 de
1266 3931 1386 4005 loculo
1405 3931 1506 4004 semi·

129 4074 205 4135 rato
220 4059 317 4159 apud
335 4059 588 4160 Antiphellum
606 4057 826 4158 descriptum
842 4057 964 4142 habui,
977 4055 1016 4128 in
1028 4055 1147 4151 lucem
1163 4053 1311 4151 prolato.
1356 4051 1507 4125 Valebit

500 4308 515 4330 '
529 4301 611 4362 Confi
622 4302 724 4362 Franz.
737 4301 789 4382 (ex
799 4299 945 4375 Fellows)
958 4321 987 4360 n.
999 4303 1085 4366 4249.
1100 4305 1127 4359 2.
