<?xml version="1.0" encoding="UTF-8"?>
<!DOCTYPE html PUBLIC "-//W3C//DTD XHTML 1.0 Transitional//EN"
    "http://www.w3.org/TR/xhtml1/DTD/xhtml1-transitional.dtd">
<html xmlns="http://www.w3.org/1999/xhtml" xml:lang="en" lang="en">
 <head>
  <title>
</title>
<meta http-equiv="Content-Type" content="text/html;charset=utf-8" />
  <meta name='ocr-system' content='tesseract 3.04.00' />
  <meta name='ocr-capabilities' content='ocr_page ocr_carea ocr_par ocr_line ocrx_word'/>
</head>
<body>
  <div class='ocr_page' id='page_1' title='image "./fasciculusinscr02kenngoog_0161.png"; bbox 0 0 3918 5240; ppageno 0'>
   <div class='ocr_carea' id='block_1_1' title="bbox 482 527 1861 622">
    <p class='ocr_par' dir='ltr' id='par_1_1' title="bbox 482 527 1861 622">
     <span class='ocr_line' id='line_1_1' title="bbox 482 527 1861 622; baseline 0.008 -33"><span class='ocrx_word' id='word_1_1' title='bbox 482 527 542 592; x_wconf 78' lang='lat'>154</span> <span class='ocrx_word' id='word_1_2' title='bbox 892 527 1246 596; x_wconf 81' lang='lat' dir='ltr'>maonrrmouus</span> <span class='ocrx_word' id='word_1_3' title='bbox 1269 529 1461 598; x_wconf 80' lang='lat' dir='ltr'>samon.</span> <span class='ocrx_word' id='word_1_4' title='bbox 1624 531 1742 622; x_wconf 64' lang='lat' dir='ltr'>[aas.</span> <span class='ocrx_word' id='word_1_5' title='bbox 1756 555 1861 602; x_wconf 67' lang='lat' dir='ltr'>usn.</span> 
     </span>
    </p>
   </div>
   <div class='ocr_carea' id='block_1_2' title="bbox 480 722 1861 1100">
    <p class='ocr_par' dir='ltr' id='par_1_2' title="bbox 480 722 1861 1100">
     <span class='ocr_line' id='line_1_2' title="bbox 480 722 1861 834; baseline 0.003 -31"><span class='ocrx_word' id='word_1_6' title='bbox 480 722 598 830; x_wconf 75' lang='grc' dir='ltr'>Ὑπὲρ</span> <span class='ocrx_word' id='word_1_7' title='bbox 617 725 795 831; x_wconf 82' lang='grc' dir='ltr'>Τιβερίου</span> <span class='ocrx_word' id='word_1_8' title='bbox 816 726 1013 833; x_wconf 85' lang='grc' dir='ltr'>Καίσαρος</span> <span class='ocrx_word' id='word_1_9' title='bbox 1032 733 1244 827; x_wconf 81' lang='grc' dir='ltr'>Σεβαστοῦ,</span> <span class='ocrx_word' id='word_1_10' title='bbox 1265 734 1352 810; x_wconf 84' lang='grc' dir='ltr'>θεοῦ</span> <span class='ocrx_word' id='word_1_11' title='bbox 1377 733 1470 825; x_wconf 89' lang='grc' dir='ltr'>υίου,</span> <span class='ocrx_word' id='word_1_12' title='bbox 1490 726 1787 834; x_wconf 74' lang='grc' dir='ltr'>Αὐτοκράτορος,</span> <span class='ocrx_word' id='word_1_13' title='bbox 1806 732 1861 810; x_wconf 80' lang='grc' dir='ltr'>καί</span> 
     </span>
     <span class='ocr_line' id='line_1_3' title="bbox 480 854 1858 963; baseline 0.004 -27"><span class='ocrx_word' id='word_1_14' title='bbox 480 854 640 944; x_wconf 80' lang='grc' dir='ltr'>Ἰουλίας</span> <span class='ocrx_word' id='word_1_15' title='bbox 660 865 870 961; x_wconf 82' lang='grc' dir='ltr'>Σεβαστῆς,</span> <span class='ocrx_word' id='word_1_16' title='bbox 890 866 956 962; x_wconf 84' lang='grc' dir='ltr'>τῆς</span> <span class='ocrx_word' id='word_1_17' title='bbox 976 863 1059 947; x_wconf 78' lang='grc' dir='ltr'>νίας</span> <span class='ocrx_word' id='word_1_18' title='bbox 1069 855 1215 948; x_wconf 87' lang='grc' dir='ltr'>Ἴσιδος</span> <span class='ocrx_word' id='word_1_19' title='bbox 1231 861 1425 963; x_wconf 86' lang='grc' dir='ltr'>Ῥωμαίος,</span> <span class='ocrx_word' id='word_1_20' title='bbox 1446 865 1592 944; x_wconf 84' lang='grc' dir='ltr'>καὶτοῦ</span> <span class='ocrx_word' id='word_1_21' title='bbox 1612 861 1716 942; x_wconf 82' lang='grc' dir='ltr'>οἴκου</span> <span class='ocrx_word' id='word_1_22' title='bbox 1734 863 1858 943; x_wconf 80' lang='grc' dir='ltr'>αὐτῶν·</span> 
     </span>
     <span class='ocr_line' id='line_1_4' title="bbox 481 990 1861 1100; baseline 0.002 -30"><span class='ocrx_word' id='word_1_23' title='bbox 481 990 650 1097; x_wconf 81' lang='grc' dir='ltr'>θρίφιδι,</span> <span class='ocrx_word' id='word_1_24' title='bbox 680 996 747 1100; x_wconf 80' lang='grc' dir='ltr'>θεᾷ</span> <span class='ocrx_word' id='word_1_25' title='bbox 772 995 948 1100; x_wconf 79' lang='grc' dir='ltr'>μεγίστῃ,</span> <span class='ocrx_word' id='word_1_26' title='bbox 968 994 1028 1075; x_wconf 87' lang='grc' dir='ltr'>ε’τί</span> <span class='ocrx_word' id='word_1_27' title='bbox 1045 991 1256 1098; x_wconf 81' lang='grc' dir='ltr'>Ἡγεμόνος</span> <span class='ocrx_word' id='word_1_28' title='bbox 1274 993 1389 1076; x_wconf 86' lang='grc' dir='ltr'>Γαίου</span> <span class='ocrx_word' id='word_1_29' title='bbox 1409 996 1606 1100; x_wconf 86' lang='grc' dir='ltr'>Γολερίου,</span> <span class='ocrx_word' id='word_1_30' title='bbox 1630 990 1674 1076; x_wconf 78' lang='grc' dir='ltr'>τὸ</span> <span class='ocrx_word' id='word_1_31' title='bbox 1701 990 1861 1098; x_wconf 81' lang='grc' dir='ltr'>πρόνοον</span> 
     </span>
    </p>
   </div>
   <div class='ocr_carea' id='block_1_3' title="bbox 481 1121 1860 1236">
    <p class='ocr_par' dir='ltr' id='par_1_3' title="bbox 481 1121 1860 1236">
     <span class='ocr_line' id='line_1_5' title="bbox 481 1121 1860 1236; baseline 0.001 -34"><span class='ocrx_word' id='word_1_32' title='bbox 481 1121 521 1224; x_wconf 83' lang='grc' dir='ltr'>(ὁ</span> <span class='ocrx_word' id='word_1_33' title='bbox 555 1125 673 1225; x_wconf 85' lang='grc' dir='ltr'>δεῖνα)</span> <span class='ocrx_word' id='word_1_34' title='bbox 697 1123 974 1226; x_wconf 87' lang='grc' dir='ltr'>Ἀπολλωνίου,</span> <span class='ocrx_word' id='word_1_35' title='bbox 1004 1125 1224 1234; x_wconf 77' lang='grc' dir='ltr'>προστάτης</span> <span class='ocrx_word' id='word_1_36' title='bbox 1257 1127 1456 1236; x_wconf 83' lang='grc' dir='ltr'>θρίφιδος,</span> <span class='ocrx_word' id='word_1_37' title='bbox 1488 1123 1697 1223; x_wconf 75' lang='grc' dir='ltr'>λυκάβαντι</span> <span class='ocrx_word' id='word_1_38' title='bbox 1730 1121 1860 1232; x_wconf 78' lang='grc' dir='ltr'>ε’ννείτρ</span> 
     </span>
    </p>
   </div>
   <div class='ocr_carea' id='block_1_4' title="bbox 741 1255 1572 1366">
    <p class='ocr_par' dir='ltr' id='par_1_4' title="bbox 741 1255 1572 1366">
     <span class='ocr_line' id='line_1_6' title="bbox 741 1255 1572 1366; baseline 0.001 -28"><span class='ocrx_word' id='word_1_39' title='bbox 741 1259 919 1363; x_wconf 91' lang='grc' dir='ltr'>Τιβερίου</span> <span class='ocrx_word' id='word_1_40' title='bbox 940 1259 1146 1366; x_wconf 84' lang='grc' dir='ltr'>Καίσαρος,</span> <span class='ocrx_word' id='word_1_41' title='bbox 1167 1257 1349 1360; x_wconf 78' lang='grc' dir='ltr'>Φαμενὼθ</span> <span class='ocrx_word' id='word_1_42' title='bbox 1367 1259 1431 1366; x_wconf 81' lang='grc' dir='ltr'>(τῇ</span> <span class='ocrx_word' id='word_1_43' title='bbox 1451 1255 1572 1364; x_wconf 84' lang='grc' dir='ltr'>δεῖνι).</span> 
     </span>
    </p>
   </div>
   <div class='ocr_carea' id='block_1_5' title="bbox 470 1444 1858 3704">
    <p class='ocr_par' dir='ltr' id='par_1_5' title="bbox 470 1444 1858 2257">
     <span class='ocr_line' id='line_1_7' title="bbox 553 1444 1858 1546; baseline 0.002 -31"><span class='ocrx_word' id='word_1_44' title='bbox 553 1444 745 1542; x_wconf 82' lang='lat' dir='ltr'>Descripta</span> <span class='ocrx_word' id='word_1_45' title='bbox 774 1445 869 1520; x_wconf 87' lang='lat' dir='ltr'>inter</span> <span class='ocrx_word' id='word_1_46' title='bbox 894 1447 1088 1546; x_wconf 72' lang='lat' dir='ltr'>parietinas</span> <span class='ocrx_word' id='word_1_47' title='bbox 1114 1445 1241 1544; x_wconf 88' lang='lat' dir='ltr'>templi</span> <span class='ocrx_word' id='word_1_48' title='bbox 1258 1445 1503 1534; x_wconf 88' lang='lat' dir='ltr'>Athribensis,</span> <span class='ocrx_word' id='word_1_49' title='bbox 1527 1444 1574 1518; x_wconf 86' lang='lat' dir='ltr'>sd</span> <span class='ocrx_word' id='word_1_50' title='bbox 1599 1444 1726 1518; x_wconf 86' lang='lat' dir='ltr'>laevarn</span> <span class='ocrx_word' id='word_1_51' title='bbox 1751 1447 1858 1544; x_wconf 85' lang='lat' dir='ltr'>ripam</span> 
     </span>
     <span class='ocr_line' id='line_1_8' title="bbox 478 1561 1856 1664; baseline 0.003 -31"><span class='ocrx_word' id='word_1_52' title='bbox 478 1561 564 1648; x_wconf 86' lang='lat' dir='ltr'>Nili,</span> <span class='ocrx_word' id='word_1_53' title='bbox 581 1587 694 1660; x_wconf 91' lang='lat' dir='ltr'>prope</span> <span class='ocrx_word' id='word_1_54' title='bbox 718 1563 877 1636; x_wconf 81' lang='lat' dir='ltr'>viculum</span> <span class='ocrx_word' id='word_1_55' title='bbox 895 1563 1026 1664; x_wconf 72' lang='grc' dir='ltr'>βιὶίιιίρ,</span> <span class='ocrx_word' id='word_1_56' title='bbox 1045 1577 1082 1636; x_wconf 89' lang='lat' dir='ltr'>et</span> <span class='ocrx_word' id='word_1_57' title='bbox 1099 1565 1361 1638; x_wconf 88' lang='lat' dir='ltr'>Monastsrium</span> <span class='ocrx_word' id='word_1_58' title='bbox 1380 1563 1468 1640; x_wconf 82' lang='lat' dir='ltr'>Deir</span> <span class='ocrx_word' id='word_1_59' title='bbox 1484 1563 1603 1638; x_wconf 72' lang='lat' dir='ltr'>Anus</span> <span class='ocrx_word' id='word_1_60' title='bbox 1619 1563 1755 1652; x_wconf 68' lang='lat' dir='ltr'>stass,</span> <span class='ocrx_word' id='word_1_61' title='bbox 1780 1566 1813 1639; x_wconf 92' lang='lat' dir='ltr'>h.</span> <span class='ocrx_word' id='word_1_62' title='bbox 1829 1591 1856 1639; x_wconf 88' lang='lat' dir='ltr'>a.</span> 
     </span>
     <span class='ocr_line' id='line_1_9' title="bbox 477 1679 1857 1784; baseline 0.001 -28"><span class='ocrx_word' id='word_1_63' title='bbox 477 1679 516 1756; x_wconf 84' lang='lat' dir='ltr'>S.</span> <span class='ocrx_word' id='word_1_64' title='bbox 535 1681 730 1757; x_wconf 61' lang='lat' dir='ltr'>sennodio.</span> <span class='ocrx_word' id='word_1_65' title='bbox 785 1683 900 1758; x_wconf 89' lang='lat' dir='ltr'>Situm</span> <span class='ocrx_word' id='word_1_66' title='bbox 927 1685 1053 1782; x_wconf 91' lang='lat' dir='ltr'>pronai</span> <span class='ocrx_word' id='word_1_67' title='bbox 1079 1685 1284 1784; x_wconf 84' lang='lat' dir='ltr'>designavit</span> <span class='ocrx_word' id='word_1_68' title='bbox 1307 1684 1442 1759; x_wconf 88' lang='lat' dir='ltr'>fractus</span> <span class='ocrx_word' id='word_1_69' title='bbox 1463 1685 1553 1784; x_wconf 90' lang='lat' dir='ltr'>lapis</span> <span class='ocrx_word' id='word_1_70' title='bbox 1576 1685 1636 1760; x_wconf 91' lang='lat' dir='ltr'>cui</span> <span class='ocrx_word' id='word_1_71' title='bbox 1661 1685 1788 1759; x_wconf 87' lang='lat' dir='ltr'>titulus</span> <span class='ocrx_word' id='word_1_72' title='bbox 1812 1687 1857 1758; x_wconf 86' lang='lat' dir='ltr'>in·</span> 
     </span>
     <span class='ocr_line' id='line_1_10' title="bbox 477 1801 1856 1901; baseline 0.004 -29"><span class='ocrx_word' id='word_1_73' title='bbox 477 1801 639 1898; x_wconf 88' lang='lat' dir='ltr'>sculptus</span> <span class='ocrx_word' id='word_1_74' title='bbox 656 1801 779 1876; x_wconf 82' lang='lat' dir='ltr'>suerat.</span> <span class='ocrx_word' id='word_1_75' title='bbox 833 1805 1009 1877; x_wconf 86' lang='lat' dir='ltr'>Narratur</span> <span class='ocrx_word' id='word_1_76' title='bbox 1034 1803 1071 1875; x_wconf 92' lang='lat' dir='ltr'>in</span> <span class='ocrx_word' id='word_1_77' title='bbox 1093 1828 1137 1877; x_wconf 92' lang='lat' dir='ltr'>eo</span> <span class='ocrx_word' id='word_1_78' title='bbox 1158 1802 1339 1878; x_wconf 87' lang='lat' dir='ltr'>dedicatio</span> <span class='ocrx_word' id='word_1_79' title='bbox 1364 1804 1490 1901; x_wconf 90' lang='lat' dir='ltr'>pronai</span> <span class='ocrx_word' id='word_1_80' title='bbox 1508 1803 1586 1878; x_wconf 85' lang='lat' dir='ltr'>deae</span> <span class='ocrx_word' id='word_1_81' title='bbox 1603 1805 1771 1878; x_wconf 80' lang='lat' dir='ltr'>maximae</span> <span class='ocrx_word' id='word_1_82' title='bbox 1788 1803 1856 1878; x_wconf 79' lang='lat' dir='ltr'>Tri·</span> 
     </span>
     <span class='ocr_line' id='line_1_11' title="bbox 470 1921 1854 2022; baseline 0.002 -29"><span class='ocrx_word' id='word_1_83' title='bbox 470 1921 578 2021; x_wconf 68' lang='lat' dir='ltr'>ptiar·</span> <span class='ocrx_word' id='word_1_84' title='bbox 594 1921 653 1994; x_wconf 91' lang='lat' dir='ltr'>vel</span> <span class='ocrx_word' id='word_1_85' title='bbox 669 1922 730 2020; x_wconf 92' lang='lat' dir='ltr'>(ut</span> <span class='ocrx_word' id='word_1_86' title='bbox 746 1923 784 1994; x_wconf 90' lang='lat' dir='ltr'>in</span> <span class='ocrx_word' id='word_1_87' title='bbox 802 1923 926 2018; x_wconf 82' lang='lat' dir='ltr'>inser.)</span> <span class='ocrx_word' id='word_1_88' title='bbox 946 1921 1141 2022; x_wconf 79' lang='lat' dir='ltr'>Tlm‘plridi,</span> <span class='ocrx_word' id='word_1_89' title='bbox 1163 1923 1378 1998; x_wconf 85' lang='lat' dir='ltr'>decurrente</span> <span class='ocrx_word' id='word_1_90' title='bbox 1391 1947 1487 1998; x_wconf 91' lang='lat' dir='ltr'>anno</span> <span class='ocrx_word' id='word_1_91' title='bbox 1497 1947 1595 1997; x_wconf 93' lang='lat' dir='ltr'>nono</span> <span class='ocrx_word' id='word_1_92' title='bbox 1609 1926 1700 2021; x_wconf 90' lang='lat' dir='ltr'><strong>Imp.</strong></span> <span class='ocrx_word' id='word_1_93' title='bbox 1715 1925 1854 2008; x_wconf 80' lang='lat' dir='ltr'>Tiberii,</span> 
     </span>
     <span class='ocr_line' id='line_1_12' title="bbox 476 2040 1853 2140; baseline 0.002 -27"><span class='ocrx_word' id='word_1_94' title='bbox 476 2041 546 2114; x_wconf 91' lang='lat' dir='ltr'>hoc</span> <span class='ocrx_word' id='word_1_95' title='bbox 557 2054 621 2128; x_wconf 85' lang='lat' dir='ltr'>est,</span> <span class='ocrx_word' id='word_1_96' title='bbox 638 2041 678 2114; x_wconf 91' lang='lat' dir='ltr'>in</span> <span class='ocrx_word' id='word_1_97' title='bbox 694 2065 749 2114; x_wconf 87' lang='lat' dir='ltr'>an.</span> <span class='ocrx_word' id='word_1_98' title='bbox 769 2043 809 2114; x_wconf 92' lang='lat' dir='ltr'>P.</span> <span class='ocrx_word' id='word_1_99' title='bbox 820 2040 861 2116; x_wconf 87' lang='lat' dir='ltr'>C.</span> <span class='ocrx_word' id='word_1_100' title='bbox 879 2044 936 2114; x_wconf 81' lang='lat'>21.</span> <span class='ocrx_word' id='word_1_101' title='bbox 964 2041 1114 2117; x_wconf 89' lang='lat' dir='ltr'>Initium</span> <span class='ocrx_word' id='word_1_102' title='bbox 1126 2043 1279 2140; x_wconf 86' lang='lat' dir='ltr'>sumpsit</span> <span class='ocrx_word' id='word_1_103' title='bbox 1288 2041 1505 2118; x_wconf 71' lang='lat' dir='ltr'>Pramum</span> <span class='ocrx_word' id='word_1_104' title='bbox 1518 2044 1597 2117; x_wconf 92' lang='lat' dir='ltr'>aV.</span> <span class='ocrx_word' id='word_1_105' title='bbox 1609 2044 1693 2116; x_wconf 88' lang='lat' dir='ltr'>Kal.</span> <span class='ocrx_word' id='word_1_106' title='bbox 1705 2045 1853 2127; x_wconf 82' lang='lat' dir='ltr'>Martias,</span> 
     </span>
     <span class='ocr_line' id='line_1_13' title="bbox 476 2157 1193 2257; baseline 0.003 -27"><span class='ocrx_word' id='word_1_107' title='bbox 476 2171 513 2231; x_wconf 88' lang='lat' dir='ltr'>at</span> <span class='ocrx_word' id='word_1_108' title='bbox 529 2158 607 2232; x_wconf 89' lang='lat' dir='ltr'>dies</span> <span class='ocrx_word' id='word_1_109' title='bbox 624 2172 775 2233; x_wconf 88' lang='lat' dir='ltr'>exactus</span> <span class='ocrx_word' id='word_1_110' title='bbox 792 2157 981 2234; x_wconf 86' lang='lat' dir='ltr'>effluxerat</span> <span class='ocrx_word' id='word_1_111' title='bbox 998 2183 1047 2232; x_wconf 86' lang='lat' dir='ltr'>ex</span> <span class='ocrx_word' id='word_1_112' title='bbox 1063 2159 1193 2257; x_wconf 87' lang='lat' dir='ltr'>lapide.</span> 
     </span>
    </p>

    <p class='ocr_par' dir='ltr' id='par_1_6' title="bbox 474 2278 1854 2735">
     <span class='ocr_line' id='line_1_14' title="bbox 550 2278 1853 2380; baseline 0 -28"><span class='ocrx_word' id='word_1_113' title='bbox 550 2279 815 2378; x_wconf 86' lang='lat' dir='ltr'>Apographum</span> <span class='ocrx_word' id='word_1_114' title='bbox 838 2278 1071 2368; x_wconf 87' lang='lat' dir='ltr'>Wilkinsoni,</span> <span class='ocrx_word' id='word_1_115' title='bbox 1100 2279 1200 2374; x_wconf 93' lang='lat' dir='ltr'>quod</span> <span class='ocrx_word' id='word_1_116' title='bbox 1230 2280 1386 2378; x_wconf 86' lang='lat' dir='ltr'>demptis</span> <span class='ocrx_word' id='word_1_117' title='bbox 1420 2281 1544 2380; x_wconf 86' lang='lat' dir='ltr'>paucis</span> <span class='ocrx_word' id='word_1_118' title='bbox 1572 2283 1690 2380; x_wconf 90' lang='lat' dir='ltr'>iisque</span> <span class='ocrx_word' id='word_1_119' title='bbox 1717 2283 1853 2358; x_wconf 86' lang='lat' dir='ltr'>levioris</span> 
     </span>
     <span class='ocr_line' id='line_1_15' title="bbox 474 2397 1854 2498; baseline 0.003 -28"><span class='ocrx_word' id='word_1_120' title='bbox 474 2399 649 2472; x_wconf 88' lang='lat' dir='ltr'>momenti</span> <span class='ocrx_word' id='word_1_121' title='bbox 674 2397 815 2472; x_wconf 89' lang='lat' dir='ltr'>mendis</span> <span class='ocrx_word' id='word_1_122' title='bbox 844 2423 983 2470; x_wconf 88' lang='lat' dir='ltr'>summa</span> <span class='ocrx_word' id='word_1_123' title='bbox 1002 2421 1090 2472; x_wconf 87' lang='lat' dir='ltr'>eura</span> <span class='ocrx_word' id='word_1_124' title='bbox 1115 2397 1320 2474; x_wconf 78' lang='lat' dir='ltr'>consectum</span> <span class='ocrx_word' id='word_1_125' title='bbox 1343 2400 1471 2498; x_wconf 86' lang='lat' dir='ltr'>reperi,</span> <span class='ocrx_word' id='word_1_126' title='bbox 1490 2400 1605 2476; x_wconf 82' lang='lat' dir='ltr'>edidit</span> <span class='ocrx_word' id='word_1_127' title='bbox 1631 2403 1854 2476; x_wconf 79' lang='lat' dir='ltr'>Letronnius⁰</span> 
     </span>
     <span class='ocr_line' id='line_1_16' title="bbox 474 2519 1852 2620; baseline 0.001 -28"><span class='ocrx_word' id='word_1_128' title='bbox 474 2521 512 2592; x_wconf 90' lang='lat' dir='ltr'>in</span> <span class='ocrx_word' id='word_1_129' title='bbox 529 2544 638 2617; x_wconf 91' lang='lat' dir='ltr'>opere</span> <span class='ocrx_word' id='word_1_130' title='bbox 656 2532 761 2593; x_wconf 87' lang='lat' dir='ltr'>antes</span> <span class='ocrx_word' id='word_1_131' title='bbox 778 2519 932 2606; x_wconf 79' lang='lat' dir='ltr'>laudam,</span> <span class='ocrx_word' id='word_1_132' title='bbox 956 2519 1162 2594; x_wconf 84' lang='lat' dir='ltr'>instauratis</span> <span class='ocrx_word' id='word_1_133' title='bbox 1185 2545 1293 2618; x_wconf 89' lang='lat' dir='ltr'>porro</span> <span class='ocrx_word' id='word_1_134' title='bbox 1314 2523 1532 2597; x_wconf 90' lang='lat' dir='ltr'>lectionibus</span> <span class='ocrx_word' id='word_1_135' title='bbox 1557 2548 1639 2620; x_wconf 87' lang='lat' dir='ltr'>quse</span> <span class='ocrx_word' id='word_1_136' title='bbox 1663 2521 1852 2604; x_wconf 79' lang='lat' dir='ltr'>hincinde</span> 
     </span>
     <span class='ocr_line' id='line_1_17' title="bbox 475 2638 1157 2735; baseline 0 -25"><span class='ocrx_word' id='word_1_137' title='bbox 475 2651 659 2735; x_wconf 79' lang='lat' dir='ltr'>praerupto</span> <span class='ocrx_word' id='word_1_138' title='bbox 675 2638 908 2724; x_wconf 70' lang='lat' dir='ltr'>monimento</span> <span class='ocrx_word' id='word_1_139' title='bbox 927 2651 1157 2712; x_wconf 84' lang='lat' dir='ltr'>evanuerant.</span> 
     </span>
    </p>

    <p class='ocr_par' dir='ltr' id='par_1_7' title="bbox 472 2759 1853 3704">
     <span class='ocr_line' id='line_1_18' title="bbox 549 2759 1853 2862; baseline 0.002 -30"><span class='ocrx_word' id='word_1_140' title='bbox 549 2760 592 2832; x_wconf 93' lang='lat' dir='ltr'>In</span> <span class='ocrx_word' id='word_1_141' title='bbox 610 2785 642 2834; x_wconf 91' lang='lat' dir='ltr'>v.</span> <span class='ocrx_word' id='word_1_142' title='bbox 659 2763 691 2832; x_wconf 95' lang='lat' dir='ltr'>l.</span> <span class='ocrx_word' id='word_1_143' title='bbox 719 2760 795 2832; x_wconf 89' lang='lat' dir='ltr'>init.</span> <span class='ocrx_word' id='word_1_144' title='bbox 817 2759 935 2832; x_wconf 84' lang='lat' dir='ltr'>statim</span> <span class='ocrx_word' id='word_1_145' title='bbox 964 2785 1002 2834; x_wconf 91' lang='lat' dir='ltr'>se</span> <span class='ocrx_word' id='word_1_146' title='bbox 1020 2759 1176 2834; x_wconf 88' lang='lat' dir='ltr'>offerunt</span> <span class='ocrx_word' id='word_1_147' title='bbox 1200 2762 1401 2859; x_wconf 87' lang='lat' dir='ltr'>supplenda</span> <span class='ocrx_word' id='word_1_148' title='bbox 1416 2768 1615 2838; x_wconf 85' lang='grc' dir='ltr'>ΥΠΕΡΤΙΒ</span> <span class='ocrx_word' id='word_1_149' title='bbox 1641 2761 1719 2862; x_wconf 84' lang='lat' dir='ltr'>(vel</span> <span class='ocrx_word' id='word_1_150' title='bbox 1744 2768 1853 2837; x_wconf 84' lang='grc' dir='ltr'>ΤΙΒΕ-</span> 
     </span>
     <span class='ocr_line' id='line_1_19' title="bbox 476 2879 1852 2978; baseline -0.003 -23"><span class='ocrx_word' id='word_1_151' title='bbox 476 2879 615 2978; x_wconf 89' lang='grc' dir='ltr'><strong>ΡΙΟΥ).</strong></span> <span class='ocrx_word' id='word_1_152' title='bbox 655 2879 798 2953; x_wconf 88' lang='lat' dir='ltr'>Deinde</span> <span class='ocrx_word' id='word_1_153' title='bbox 816 2884 1059 2954; x_wconf 85' lang='grc' dir='ltr'>ΘΕΟΥΥΙΟΥ</span> <span class='ocrx_word' id='word_1_154' title='bbox 1075 2903 1123 2953; x_wconf 87' lang='lat' dir='ltr'>ex</span> <span class='ocrx_word' id='word_1_155' title='bbox 1140 2881 1290 2978; x_wconf 84' lang='lat' dir='ltr'>uestigg.</span> <span class='ocrx_word' id='word_1_156' title='bbox 1309 2881 1348 2953; x_wconf 95' lang='lat' dir='ltr'>in</span> <span class='ocrx_word' id='word_1_157' title='bbox 1370 2879 1500 2978; x_wconf 85' lang='lat' dir='ltr'>lapide,</span> <span class='ocrx_word' id='word_1_158' title='bbox 1519 2880 1659 2954; x_wconf 83' lang='lat' dir='ltr'>collatis</span> <span class='ocrx_word' id='word_1_159' title='bbox 1679 2882 1852 2954; x_wconf 70' lang='lat' dir='ltr'>nummis.</span> 
     </span>
     <span class='ocr_line' id='line_1_20' title="bbox 474 3001 1853 3102; baseline -0.002 -25"><span class='ocrx_word' id='word_1_160' title='bbox 474 3003 584 3077; x_wconf 90' lang='lat' dir='ltr'>Certe</span> <span class='ocrx_word' id='word_1_161' title='bbox 602 3003 767 3076; x_wconf 87' lang='lat' dir='ltr'>usitatior</span> <span class='ocrx_word' id='word_1_162' title='bbox 783 3001 938 3076; x_wconf 89' lang='lat' dir='ltr'>formula</span> <span class='ocrx_word' id='word_1_163' title='bbox 954 3014 1031 3075; x_wconf 88' lang='lat' dir='ltr'>erat</span> <span class='ocrx_word' id='word_1_164' title='bbox 1048 3001 1136 3076; x_wconf 80' lang='lat' dir='ltr'><em>Divi</em></span> <span class='ocrx_word' id='word_1_165' title='bbox 1147 3002 1240 3102; x_wconf 82' lang='grc' dir='ltr'>Αυρ.</span> <span class='ocrx_word' id='word_1_166' title='bbox 1258 3001 1343 3088; x_wconf 76' lang='lat' dir='ltr'>Fu,</span> <span class='ocrx_word' id='word_1_167' title='bbox 1371 3002 1513 3076; x_wconf 88' lang='lat' dir='ltr'>sedhic</span> <span class='ocrx_word' id='word_1_168' title='bbox 1529 3001 1695 3076; x_wconf 86' lang='lat' dir='ltr'>videmus</span> <span class='ocrx_word' id='word_1_169' title='bbox 1711 3001 1853 3076; x_wconf 85' lang='lat' dir='ltr'>fortasse</span> 
     </span>
     <span class='ocr_line' id='line_1_21' title="bbox 472 3123 1853 3223; baseline -0.002 -27"><span class='ocrx_word' id='word_1_170' title='bbox 472 3148 615 3197; x_wconf 86' lang='lat' dir='ltr'>causam</span> <span class='ocrx_word' id='word_1_171' title='bbox 644 3125 862 3222; x_wconf 86' lang='lat' dir='ltr'>singularem</span> <span class='ocrx_word' id='word_1_172' title='bbox 889 3148 999 3220; x_wconf 87' lang='lat' dir='ltr'>quare</span> <span class='ocrx_word' id='word_1_173' title='bbox 1024 3125 1125 3198; x_wconf 85' lang='lat' dir='ltr'>abest</span> <span class='ocrx_word' id='word_1_174' title='bbox 1149 3129 1395 3200; x_wconf 78' lang='grc' dir='ltr'>ΣΕΒΑΠΟΥ</span> <span class='ocrx_word' id='word_1_175' title='bbox 1411 3125 1511 3223; x_wconf 93' lang='lat' dir='ltr'>quod</span> <span class='ocrx_word' id='word_1_176' title='bbox 1526 3123 1630 3198; x_wconf 89' lang='lat' dir='ltr'>brevi</span> <span class='ocrx_word' id='word_1_177' title='bbox 1647 3123 1739 3197; x_wconf 87' lang='lat' dir='ltr'>adeo</span> <span class='ocrx_word' id='word_1_178' title='bbox 1755 3123 1853 3195; x_wconf 88' lang='lat' dir='ltr'>inter·</span> 
     </span>
     <span class='ocr_line' id='line_1_22' title="bbox 474 3243 1853 3346; baseline -0.004 -26"><span class='ocrx_word' id='word_1_179' title='bbox 474 3245 570 3320; x_wconf 90' lang='lat' dir='ltr'>vallo</span> <span class='ocrx_word' id='word_1_180' title='bbox 596 3246 805 3320; x_wconf 85' lang='lat' dir='ltr'>anteiverat.</span> <span class='ocrx_word' id='word_1_181' title='bbox 867 3245 1023 3342; x_wconf 89' lang='lat' dir='ltr'>Reliqua</span> <span class='ocrx_word' id='word_1_182' title='bbox 1050 3247 1232 3346; x_wconf 90' lang='lat' dir='ltr'>supplevit</span> <span class='ocrx_word' id='word_1_183' title='bbox 1262 3247 1434 3319; x_wconf 91' lang='lat' dir='ltr'>Letronn.</span> <span class='ocrx_word' id='word_1_184' title='bbox 1462 3243 1661 3320; x_wconf 87' lang='lat' dir='ltr'>secundum</span> <span class='ocrx_word' id='word_1_185' title='bbox 1690 3243 1853 3317; x_wconf 85' lang='lat' dir='ltr'>formulas</span> 
     </span>
     <span class='ocr_line' id='line_1_23' title="bbox 472 3365 1852 3454; baseline -0.001 -14"><span class='ocrx_word' id='word_1_186' title='bbox 472 3367 621 3440; x_wconf 87' lang='lat' dir='ltr'>usitatas</span> <span class='ocrx_word' id='word_1_187' title='bbox 632 3365 683 3439; x_wconf 87' lang='lat' dir='ltr'>ita</span> <span class='ocrx_word' id='word_1_188' title='bbox 694 3378 735 3438; x_wconf 85' lang='lat' dir='ltr'>ut</span> <span class='ocrx_word' id='word_1_189' title='bbox 748 3365 951 3454; x_wconf 86' lang='lat' dir='ltr'>decurrant,</span> <span class='ocrx_word' id='word_1_190' title='bbox 971 3369 1852 3442; x_wconf 72' lang='grc' dir='ltr'>ΚΑΙΥΠΕΡΙΟΥΜΑΕΕΕΒΑΠΗΕΝΕΑΕΙΙΞΙΔΟΕ</span> 
     </span>
     <span class='ocr_line' id='line_1_24' title="bbox 472 3485 1852 3586; baseline -0.003 -25"><span class='ocrx_word' id='word_1_191' title='bbox 472 3492 841 3562; x_wconf 79' lang='grc' dir='ltr'>ΑΥΤΟΥΜΗΤῬΟΕ.</span> <span class='ocrx_word' id='word_1_192' title='bbox 895 3486 994 3561; x_wconf 93' lang='lat' dir='ltr'>Illud</span> <span class='ocrx_word' id='word_1_193' title='bbox 1018 3493 1140 3561; x_wconf 85' lang='grc' dir='ltr'><strong>ΥΠΕΡ</strong></span> <span class='ocrx_word' id='word_1_194' title='bbox 1168 3513 1289 3561; x_wconf 88' lang='lat' dir='ltr'>meum</span> <span class='ocrx_word' id='word_1_195' title='bbox 1317 3488 1562 3586; x_wconf 86' lang='lat' dir='ltr'>apographum</span> <span class='ocrx_word' id='word_1_196' title='bbox 1589 3511 1664 3560; x_wconf 91' lang='lat' dir='ltr'>non</span> <span class='ocrx_word' id='word_1_197' title='bbox 1688 3485 1852 3584; x_wconf 84' lang='lat' dir='ltr'>agnoscit</span> 
     </span>
     <span class='ocr_line' id='line_1_25' title="bbox 473 3605 1852 3704; baseline -0.004 -25"><span class='ocrx_word' id='word_1_198' title='bbox 473 3607 627 3680; x_wconf 86' lang='lat' dir='ltr'>Praelata</span> <span class='ocrx_word' id='word_1_199' title='bbox 643 3631 789 3704; x_wconf 89' lang='lat' dir='ltr'>quoque</span> <span class='ocrx_word' id='word_1_200' title='bbox 806 3607 918 3681; x_wconf 90' lang='lat' dir='ltr'>habui</span> <span class='ocrx_word' id='word_1_201' title='bbox 943 3631 991 3680; x_wconf 89' lang='lat' dir='ltr'>ex</span> <span class='ocrx_word' id='word_1_202' title='bbox 1016 3607 1160 3680; x_wconf 85' lang='lat' dir='ltr'>indiciis</span> <span class='ocrx_word' id='word_1_203' title='bbox 1183 3608 1280 3680; x_wconf 88' lang='lat' dir='ltr'>tituli</span> <span class='ocrx_word' id='word_1_204' title='bbox 1303 3609 1510 3683; x_wconf 88' lang='lat' dir='ltr'>Lacinensis</span> <span class='ocrx_word' id='word_1_205' title='bbox 1535 3609 1574 3680; x_wconf 88' lang='lat' dir='ltr'>in</span> <span class='ocrx_word' id='word_1_206' title='bbox 1599 3607 1700 3680; x_wconf 82' lang='lat' dir='ltr'>Fasc.</span> <span class='ocrx_word' id='word_1_207' title='bbox 1717 3629 1755 3679; x_wconf 94' lang='lat'>11.</span> <span class='ocrx_word' id='word_1_208' title='bbox 1783 3605 1852 3677; x_wconf 90' lang='lat' dir='ltr'>scil.</span> 
     </span>
    </p>
   </div>
   <div class='ocr_carea' id='block_1_6' title="bbox 473 3727 1853 3940">
    <p class='ocr_par' dir='ltr' id='par_1_8' title="bbox 473 3727 1853 3940">
     <span class='ocr_line' id='line_1_26' title="bbox 473 3727 1853 3825; baseline -0.005 -23"><span class='ocrx_word' id='word_1_209' title='bbox 473 3750 597 3802; x_wconf 82' lang='lat' dir='ltr'>cxn111.</span> <span class='ocrx_word' id='word_1_210' title='bbox 617 3731 664 3824; x_wconf 74' lang='grc'>5.,</span> <span class='ocrx_word' id='word_1_211' title='bbox 691 3753 771 3825; x_wconf 88' lang='lat' dir='ltr'>quae</span> <span class='ocrx_word' id='word_1_212' title='bbox 789 3729 826 3800; x_wconf 93' lang='lat' dir='ltr'>in</span> <span class='ocrx_word' id='word_1_213' title='bbox 843 3727 1056 3800; x_wconf 89' lang='lat' dir='ltr'>minusculis</span> <span class='ocrx_word' id='word_1_214' title='bbox 1074 3727 1170 3801; x_wconf 91' lang='lat' dir='ltr'>dedi.</span> <span class='ocrx_word' id='word_1_215' title='bbox 1225 3734 1378 3804; x_wconf 74' lang='grc' dir='ltr'><strong>ΙΕΙΔΟΕ</strong></span> <span class='ocrx_word' id='word_1_216' title='bbox 1394 3728 1633 3802; x_wconf 88' lang='lat' dir='ltr'>certissimum</span> <span class='ocrx_word' id='word_1_217' title='bbox 1653 3738 1720 3799; x_wconf 85' lang='lat' dir='ltr'>est.</span> <span class='ocrx_word' id='word_1_218' title='bbox 1773 3727 1853 3798; x_wconf 85' lang='lat' dir='ltr'>Erat</span> 
     </span>
     <span class='ocr_line' id='line_1_27' title="bbox 473 3825 1852 3940; baseline -0.001 -26"><span class='ocrx_word' id='word_1_219' title='bbox 473 3865 618 3938; x_wconf 87' lang='lat' dir='ltr'>quoque</span> <span class='ocrx_word' id='word_1_220' title='bbox 631 3842 809 3940; x_wconf 81' lang='lat' dir='ltr'>Augusta,</span> <span class='ocrx_word' id='word_1_221' title='bbox 821 3825 940 3937; x_wconf 88' lang='grc' dir='ltr'>Ἥρα,</span> <span class='ocrx_word' id='word_1_222' title='bbox 952 3828 1172 3939; x_wconf 79' lang='grc' dir='ltr'>Ἀφροδίτη,</span> <span class='ocrx_word' id='word_1_223' title='bbox 1194 3841 1307 3930; x_wconf 80' lang='lat' dir='ltr'>Vesta,</span> <span class='ocrx_word' id='word_1_224' title='bbox 1320 3829 1586 3940; x_wconf 83' lang='grc' dir='ltr'>Καρποφόρος,</span> <span class='ocrx_word' id='word_1_225' title='bbox 1603 3837 1643 3912; x_wconf 90' lang='lat' dir='ltr'>id</span> <span class='ocrx_word' id='word_1_226' title='bbox 1656 3853 1720 3926; x_wconf 85' lang='lat' dir='ltr'>est,</span> <span class='ocrx_word' id='word_1_227' title='bbox 1738 3836 1852 3920; x_wconf 66' lang='lat' dir='ltr'>cereo</span> 
     </span>
    </p>
   </div>
   <div class='ocr_carea' id='block_1_7' title="bbox 470 4033 1834 4398">
    <p class='ocr_par' dir='ltr' id='par_1_9' title="bbox 510 4033 1266 4112">
     <span class='ocr_line' id='line_1_28' title="bbox 510 4033 1266 4112; baseline -0.004 -16"><span class='ocrx_word' id='word_1_228' title='bbox 510 4049 522 4071; x_wconf 68' lang='lat'><strong>³</strong></span> <span class='ocrx_word' id='word_1_229' title='bbox 536 4037 671 4096; x_wconf 87' lang='lat' dir='ltr'>Meminit</span> <span class='ocrx_word' id='word_1_230' title='bbox 684 4046 715 4095; x_wconf 86' lang='lat' dir='ltr'>et</span> <span class='ocrx_word' id='word_1_231' title='bbox 726 4035 819 4112; x_wconf 89' lang='lat' dir='ltr'>hujus</span> <span class='ocrx_word' id='word_1_232' title='bbox 828 4033 1006 4094; x_wconf 82' lang='lat' dir='ltr'>Willrinson.</span> <span class='ocrx_word' id='word_1_233' title='bbox 1020 4035 1051 4092; x_wconf 88' lang='lat' dir='ltr'>in</span> <span class='ocrx_word' id='word_1_234' title='bbox 1071 4034 1138 4093; x_wconf 87' lang='lat' dir='ltr'>libr.</span> <span class='ocrx_word' id='word_1_235' title='bbox 1190 4054 1228 4094; x_wconf 86' lang='lat' dir='ltr'>vr.</span> <span class='ocrx_word' id='word_1_236' title='bbox 1244 4055 1266 4095; x_wconf 88' lang='grc' dir='ltr'>ο.</span> 
     </span>
    </p>

    <p class='ocr_par' dir='ltr' id='par_1_10' title="bbox 473 4129 1834 4313">
     <span class='ocr_line' id='line_1_29' title="bbox 473 4129 1834 4213; baseline -0.009 -18"><span class='ocrx_word' id='word_1_237' title='bbox 473 4139 588 4213; x_wconf 75' lang='grc' dir='ltr'>Τορορτ.</span> <span class='ocrx_word' id='word_1_238' title='bbox 599 4137 636 4212; x_wconf 88' lang='lat' dir='ltr'>os</span> <span class='ocrx_word' id='word_1_239' title='bbox 645 4134 749 4202; x_wconf 76' lang='grc' dir='ltr'>ἸῚιεΙιιο,</span> <span class='ocrx_word' id='word_1_240' title='bbox 764 4155 791 4212; x_wconf 92' lang='lat' dir='ltr'>p.</span> <span class='ocrx_word' id='word_1_241' title='bbox 802 4137 869 4200; x_wconf 82' lang='lat'>392.</span> <span class='ocrx_word' id='word_1_242' title='bbox 1228 4147 1240 4178; x_wconf 81' lang='lat'>¹²</span> <span class='ocrx_word' id='word_1_243' title='bbox 1255 4137 1338 4194; x_wconf 82' lang='lat' dir='ltr'>Conf.</span> <span class='ocrx_word' id='word_1_244' title='bbox 1353 4133 1473 4192; x_wconf 83' lang='lat' dir='ltr'>Eckhel.</span> <span class='ocrx_word' id='word_1_245' title='bbox 1487 4131 1543 4190; x_wconf 85' lang='lat' dir='ltr'>vol.</span> <span class='ocrx_word' id='word_1_246' title='bbox 1555 4147 1595 4188; x_wconf 86' lang='lat' dir='ltr'>vr.</span> <span class='ocrx_word' id='word_1_247' title='bbox 1609 4150 1658 4208; x_wconf 90' lang='lat' dir='ltr'>pp.</span> <span class='ocrx_word' id='word_1_248' title='bbox 1673 4133 1738 4190; x_wconf 85' lang='lat'>188.</span> <span class='ocrx_word' id='word_1_249' title='bbox 1747 4129 1771 4188; x_wconf 81' lang='lat' dir='ltr'>b.</span> <span class='ocrx_word' id='word_1_250' title='bbox 1782 4147 1834 4204; x_wconf 88' lang='lat' dir='ltr'>seq.</span> 
     </span>
     <span class='ocr_line' id='line_1_30' title="bbox 509 4235 1516 4313; baseline -0.006 -17"><span class='ocrx_word' id='word_1_251' title='bbox 509 4249 521 4271; x_wconf 89' lang='lat'>⁰</span> <span class='ocrx_word' id='word_1_252' title='bbox 534 4237 601 4296; x_wconf 88' lang='lat' dir='ltr'>Scil.</span> <span class='ocrx_word' id='word_1_253' title='bbox 616 4236 662 4293; x_wconf 87' lang='lat' dir='ltr'>tit.</span> <span class='ocrx_word' id='word_1_254' title='bbox 677 4253 759 4293; x_wconf 76' lang='lat' dir='ltr'>xxiv.</span> <span class='ocrx_word' id='word_1_255' title='bbox 780 4255 807 4313; x_wconf 91' lang='lat' dir='ltr'>p.</span> <span class='ocrx_word' id='word_1_256' title='bbox 822 4239 889 4296; x_wconf 80' lang='lat'>230.</span> <span class='ocrx_word' id='word_1_257' title='bbox 929 4235 1088 4312; x_wconf 81' lang='lat' dir='ltr'>Exemplar</span> <span class='ocrx_word' id='word_1_258' title='bbox 1101 4235 1137 4293; x_wconf 86' lang='lat' dir='ltr'>ad</span> <span class='ocrx_word' id='word_1_259' title='bbox 1226 4235 1328 4295; x_wconf 74' lang='lat' dir='ltr'>qIbid.</span> <span class='ocrx_word' id='word_1_260' title='bbox 1341 4255 1389 4312; x_wconf 92' lang='lat' dir='ltr'>pp.</span> <span class='ocrx_word' id='word_1_261' title='bbox 1404 4235 1466 4294; x_wconf 80' lang='lat'>150.</span> <span class='ocrx_word' id='word_1_262' title='bbox 1480 4251 1516 4290; x_wconf 83' lang='lat' dir='ltr'>ss</span> 
     </span>
    </p>

    <p class='ocr_par' dir='ltr' id='par_1_11' title="bbox 470 4333 1137 4398">
     <span class='ocr_line' id='line_1_31' title="bbox 470 4333 1137 4398; baseline -0.009 -1"><span class='ocrx_word' id='word_1_263' title='bbox 470 4339 564 4398; x_wconf 86' lang='lat' dir='ltr'>simile</span> <span class='ocrx_word' id='word_1_264' title='bbox 582 4336 747 4395; x_wconf 77' lang='lat' dir='ltr'>confectum</span> <span class='ocrx_word' id='word_1_265' title='bbox 767 4335 848 4394; x_wconf 84' lang='lat' dir='ltr'>dedit</span> <span class='ocrx_word' id='word_1_266' title='bbox 868 4335 1005 4393; x_wconf 89' lang='lat' dir='ltr'>Letronn.</span> <span class='ocrx_word' id='word_1_267' title='bbox 1019 4335 1051 4392; x_wconf 91' lang='lat' dir='ltr'>in</span> <span class='ocrx_word' id='word_1_268' title='bbox 1066 4333 1137 4393; x_wconf 83' lang='lat' dir='ltr'>st.</span> 
     </span>
    </p>
   </div>
   <div class='ocr_carea' id='block_1_8' title="bbox 0 0 1964 5240">
    <p class='ocr_par' dir='ltr' id='par_1_12' title="bbox 0 0 1964 5240">
     <span class='ocr_line' id='line_1_32' title="bbox 0 0 1964 5240; baseline 0 3"><span class='ocrx_word' id='word_1_269' title='bbox 0 0 1964 5240; x_wconf 95' lang='lat' dir='ltr'> </span> 
     </span>
    </p>
   </div>
  </div>
 </body>
</html>
