3918 5240
479 485 540 548 162
906 485 1258 554 INSCRIPTIONES
1282 487 1474 556 GRAECAE.
1609 489 1862 580 [rasoncccnm.

478 675 612 772 optime
623 675 805 748 convenit.
857 675 902 747 In
920 699 954 746 v.
967 676 1002 746 5.
1014 672 1188 746 habemus
1205 674 1244 746 in
1261 673 1450 772 principio,
1464 674 1664 748 secundum
1677 675 1860 750 formulam

478 795 673 881 solennem,
692 793 914 866 nominatum
933 792 1160 880 Praefectum,
1178 791 1225 866 de
1242 817 1316 890 quo
1333 794 1456 867 nullus
1476 794 1579 868 locus
1596 807 1652 867 est
1668 793 1861 880 dubitandi

478 941 590 1013 quum
616 929 742 990 notum
770 916 818 989 sit
842 915 1042 1013 Sulpicium
1063 915 1215 992 Simium
1242 915 1282 989 id
1309 915 1496 1015 dignitatis
1525 927 1671 989 nactum
1692 915 1802 990 fuisse
1827 917 1861 988 in

477 1061 571 1110 anno
589 1039 678 1110 XII.
696 1038 906 1136 imperantis
921 1039 1092 1135 Trajani⁸‚
1105 1038 1329 1136 vestigiaque
1347 1037 1439 1112 adeo
1456 1037 1645 1112 manifesta
1670 1037 1743 1111 sint
1767 1038 1861 1111 istius

476 1161 630 1235 nominis
647 1163 685 1235 in
703 1163 909 1261 apographo
926 1177 1059 1238 nostro.
1111 1165 1325 1238 Praenomen
1343 1165 1458 1262 possis
1476 1177 1633 1238 statuere
1649 1168 1861 1239 ΙῚΟΠΛΙΟΥ

476 1284 536 1356 vel
552 1289 773 1374 ΛΟΥΚΙΟΥ,
791 1287 855 1361 sed
872 1286 942 1362 hoc
959 1289 1146 1362 incertum.
1200 1289 1277 1365 Sub
1293 1289 1402 1364 finem
1417 1315 1450 1362 v.
1465 1279 1608 1388 ἤρξατο
1620 1289 1860 1387 accipiendum

478 1431 559 1478 reor
576 1407 800 1480 intransitive
819 1407 967 1494 dictum,
985 1407 1125 1482 initium
1140 1405 1270 1502 tabat,
1284 1408 1378 1482 siout
1394 1408 1433 1481 in
1449 1408 1519 1481 loc.
1533 1407 1686 1506 Gregor.
1701 1405 1860 1482 laudata

480 1529 689 1628 Stephanoh,
707 1531 792 1604 dein
815 1544 969 1628 sequuta
990 1555 1068 1604 esse
1093 1531 1132 1604 in
1154 1531 1297 1630 integro
1323 1532 1555 1619 monimento,
1574 1520 1617 1604 τδ
1639 1523 1752 1629 ἔργον
1770 1530 1858 1604 οἰκο-

480 1647 689 1749 δομήσεωςδ,
708 1655 767 1728 vel
795 1655 857 1752 (ut
880 1654 919 1727 in
945 1677 1142 1730 ccccxvm.
1161 1657 1194 1728 4.
1211 1654 1312 1750 infr.)
1332 1650 1543 1747 οἰκοδομῆς,
1564 1647 1636 1728 ἔτει
1656 1651 1729 1756 (τῷ
1748 1646 1857 1748 δεῖνι).

480 1785 580 1856 Bene
598 1807 682 1856 cum
699 1779 769 1854 hoo
787 1779 966 1876 quadrant
983 1804 1065 1876 quae
1083 1779 1160 1853 sine
1174 1777 1286 1854 dubio
1297 1780 1530 1877 prostabant
1521 1805 1559 1852 rn
1571 1779 1702 1876 lapide,
1722 1805 1857 1852 συνετε-

477 1899 599 1998 λέσθη
629 1901 679 1998 δε,
704 1903 849 1978 hoct
801 1929 833 1976 rr
835 1917 875 1978 tu
898 1903 1141 1978 declaratione
1158 1903 1231 1978 fact
1216 1917 1253 1979 ta
1269 1905 1354 1978 anni
1376 1906 1415 1978 in
1437 1929 1510 2001 quo
1526 1905 1736 1980 inchoatum
1754 1907 1858 1981 fuerat

477 2037 623 2124 opuset
641 2026 680 2098 in
697 2049 771 2121 quo
787 2024 939 2099 finitum.
993 2025 1077 2100 Scio
1094 2049 1151 2098 me
1174 2025 1212 2098 in
1238 2025 1309 2100 hoc
1326 2025 1565 2099 Letronnium
1584 2026 1719 2100 habere
1737 2027 1856 2100 dissen-

477 2147 635 2233 tientem,
653 2144 692 2218 id
709 2144 808 2241 quod
830 2143 918 2218 fecit
934 2155 975 2217 ut
993 2144 1253 2242 aliquantisper
1268 2145 1307 2218 in
1326 2145 1529 2242 supplendo
1545 2146 1725 2220 haeserim.
1776 2149 1856 2221 Prae

476 2272 549 2344 lata
565 2271 692 2344 habuit
708 2271 765 2342 vir
782 2265 885 2342 erud.
904 2293 1002 2365 seqq.
1012 2253 1190 2367 Ἤρξατο
1210 2258 1254 2342 τδ
1275 2261 1388 2366 ἔργον
1398 2269 1519 2342 ποιεῖν
1534 2265 1574 2344 ἐκ
1589 2269 1663 2344 τῶν
1679 2265 1856 2367 δημοσίων

477 2385 762 2489 δαπανημάτων,
784 2383 1035 2466 συνετέλεσεν
1054 2381 1095 2464 δὲ
1110 2388 1151 2465 ἐκ
1170 2391 1243 2466 τῶν
1263 2387 1378 2484 ἰδίων,
1391 2419 1473 2491 quae
1485 2420 1567 2469 meo
1577 2396 1719 2492 judicio
1732 2399 1769 2471 in
1785 2398 1855 2470 litu·

475 2517 551 2589 lum
570 2513 735 2611 quaedam
758 2537 832 2584 non
855 2511 1002 2585 aliunde
1020 2511 1165 2610 cognita
1182 2525 1219 2586 et
1235 2513 1394 2610 gratuito
1412 2512 1510 2589 dicta
1525 2514 1696 2590 inferunt.
1750 2517 1855 2593 Satius

475 2632 565 2706 mihi
582 2631 729 2706 videtur
753 2655 886 2730 ponere
905 2631 1183 2730 Apollinarem&
1200 2634 1294 2709 sicut
1310 2659 1359 2708 ex
1381 2637 1528 2734 proprio
1546 2663 1736 2737 aggressus
1752 2639 1855 2713 fuerat

475 2908 575 2957 menta
588 2897 731 2954 Varronis
757 2896 789 2954 in
810 2896 846 2954 L.
859 2895 895 2953 L.
923 2895 980 2953 vol.
1002 2913 1022 2953 r.
1048 2915 1076 2972 p.
1098 2897 1144 2954 83.
1196 2891 1281 2974 lgial’
1301 2895 1313 2956 i
1330 2893 1409 2969 μᾶχε
1428 2891 1620 2966 γενὲσνιιἭδν
1639 2895 1718 2967 λογον
1736 2897 1785 2975 „gl
1802 2897 1853 2972 argis

475 2999 603 3075 Bipont.‚
618 2995 678 3054 scil.
693 3015 731 3054 ex
743 2995 860 3054 nutrice
873 2995 938 3071 ejus
952 2995 1072 3052 Latona
1100 2995 1145 3054 si·
1196 2991 1280 3072 xago'r.
1315 2993 1407 3063 Dein;
1430 2996 1483 3050 Kal
1502 2994 1550 3066 μὲν
1565 2991 1612 3050 its·
1632 3016 1663 3065 γι
1677 2996 1772 3068 ηὸτι,
1789 2991 1853 3070 ἦρξέ-

474 3097 573 3156 milem
586 3095 782 3170 conjecturam
796 3093 832 3152 de
845 3095 962 3152 nomine
972 3094 1144 3170 Tryplriodo-
1194 3099 1278 3168 prata
1292 3089 1455 3172 aoaiogrfclau
1469 3091 1538 3164 Ἐγδ
1550 3091 1651 3171 egrico.
1671 3093 1737 3150 Ηοο
1746 3093 1853 3150 Letron-

473 3215 523 3256 raa
536 3195 614 3272 cepit
627 3195 765 3252 Letronn.
779 3191 832 3250 ubi
847 3211 926 3269 supr.
939 3213 968 3271 p.
979 3196 1046 3254 233.
1195 3195 1316 3250 nianum
1327 3190 1420 3270 ἰίςξνεο
1428 3197 1504 3250 ποιεῖν
1515 3191 1760 3260 commendatori
1770 3200 1853 3248 tamen

515 3293 625 3353 soonf.
638 3291 686 3350 tit.
700 3290 881 3349 Wilkinsoni
894 3291 925 3348 in
939 3291 1078 3350 Letronn.
1092 3291 1145 3350 ubi
1195 3312 1254 3350 non
1277 3289 1352 3348 nihil
1375 3290 1548 3349 adversatur
1568 3289 1722 3355 συνετελέσθη
1744 3285 1768 3348 δὲ
1787 3285 1854 3366 quod

476 3411 556 3471 supr.
570 3411 597 3468 p.
607 3392 674 3448 421.
1195 3389 1400 3468 proculdubio
1414 3389 1517 3448 suadet
1528 3389 1750 3448 monimentum
1788 3387 1853 3447 Siin

514 3491 609 3552 '‘Scil.
623 3491 669 3548 De
682 3487 773 3548 Thecl.
788 3506 807 3546 1.
823 3488 878 3546 ote
892 3485 1001 3567 δεχετενν
1015 3490 1068 3565 γὰρ
1079 3487 1145 3558 (ἰπί-
1195 3499 1296 3547 nostro
1310 3489 1377 3566 quis
1390 3490 1526 3566 suppleat
1545 3489 1655 3561 γεεὶεθεεε
1670 3490 1718 3548 vel
1734 3489 1851 3563 pulpas,
1942 3567 1943 3570 Ἴ

472 3595 540 3651 lium
565 3589 655 3668 hadel)
678 3593 727 3648 tari
747 3585 838 3668 mdccc
861 3591 873 3648 ν’
895 3583 986 3665 χρίειν
1007 3587 1144 3652 Διτττότης.
1195 3609 1253 3647 non
1267 3587 1411 3646 adversor.

475 3690 630 3769 Expendss
651 3707 728 3764 seqq.
749 3687 883 3764 Xenoph.
906 3685 1024 3761 Daapt
1046 3684 1111 3760 Cpr.
1125 3701 1144 3742 1.
1235 3687 1338 3747 ¹Conf.
1350 3687 1428 3745 Fasc
1443 3703 1512 3744 11.n.
1522 3703 1627 3746 conia
1636 3707 1684 3744 vv.
1694 3685 1759 3752 7-9.
1769 3683 1852 3744 collat.

474 3797 501 3850 2.
516 3795 544 3849 2.
566 3787 645 3850 olm
665 3785 690 3846 δδ
709 3784 821 3847 δοκοῦσιν
835 3788 857 3845 ον’
871 3785 938 3861 νδμεν
958 3784 1080 3861 ἔςχετθννε
1099 3791 1146 3844 soii
1196 3807 1264 3845 cum
1278 3804 1349 3844 XLV.
1363 3789 1390 3846 5.
1405 3805 1427 3844 s.

506 3913 592 3947 mvn
574 3891 673 3958 ὶεῦγννθ
687 3889 727 3943 im
720 3900 792 3961 ννμελ
795 3908 864 3962 νμενε
853 3909 875 3943 εν
889 3909 934 3942 ova
916 3883 1019 3953 νῖνηδε
1034 3883 1121 3940 ’ν’τντθν
1099 3906 1145 3962 τις
1235 3886 1376 3944 'Nomen
1394 3883 1569 3943 historicum
1582 3895 1635 3943 est.
1677 3886 1759 3944 Cons.
1773 3881 1852 3942 Tacit.

474 3992 531 4052 τοῖς
556 3989 691 4048 πλείσταις
712 3993 815 4043 aratam
805 3981 971 4061 εδγχεετεεν,
992 3981 1047 4040 ubi
1063 3991 1147 4040 notes
1196 3985 1270 4044 Hit!
1282 4002 1327 4042 111.
1341 3987 1388 4048 57.
1399 3981 1477 4047 76..8
1491 4003 1595 4060 nempe
1608 4005 1698 4042 man
1710 3983 1746 4043 U·
1758 3984 1787 4042 C.
1796 3983 1852 4040 823·

473 4085 592 4146 eandem
625 4085 871 4142 constructionem
904 4101 937 4140 ac
968 4083 1001 4138 in
1030 4100 1144 4140 vernae.
1194 4103 1237 4161 ep.
1252 4092 1342 4141 nostr.
1357 4081 1414 4152 70.
1426 4082 1568 4158 flagrante
1580 4083 1659 4142 bello
1679 4084 1757 4142 inter
1769 4079 1851 4142 Vitel-

473 4195 564 4244 nostr.
584 4183 741 4261 participii.
782 4183 857 4241 Cum
870 4181 976 4259 infinito
991 4179 1143 4258 Aristoph.
1193 4183 1268 4241 lium
1289 4192 1319 4240 et
1340 4181 1501 4250 Flavianos,
1525 4191 1705 4240 memoratur
1725 4178 1852 4241 Claudius

474 4289 506 4345 in
519 4281 1144 4360 Ννδ.1351.1353.Ἀλλἐξὸἐεντνπρνεεν
1194 4283 1385 4360 Apollinaris,
1415 4281 1576 4340 Praelectus
1596 4281 1681 4341 classi
1701 4277 1855 4342 Misenensi.
1942 4291 1943 4294 ’
