4028 5258
481 515 543 585 33ss
883 513 1237 582 INSCRIPTIONES
1260 513 1454 581 GRAECAE.
1641 514 1763 602 [rusca.
1776 533 1874 579 cnxv.

482 704 649 802 agricolis
664 703 820 803 publicis
838 715 1000 777 emerant
1019 705 1181 799 adeoque
1200 702 1365 801 proprios
1382 727 1507 777 eorum
1525 701 1686 776 fecerant
1702 704 1873 796 omnique

483 827 619 898 tributo
635 825 802 898 inmunes
822 827 899 924 (vv.
920 825 1091 924 26-32.).
1772 913 1777 922 Ι

516 1027 518 1030 ,
558 949 737 1021 Tenebrae
753 947 839 1020 huic
856 947 1008 1044 periodo
1025 947 1250 1044 potissimum
1276 944 1504 1020 circumfusae
1530 957 1615 1020 sunt
1640 970 1706 1042 per
1726 969 1873 1043 pravam

485 1069 546 1166 (ut
572 1067 737 1163 opinatus
765 1065 817 1139 fui
841 1065 961 1164 lapide
987 1065 1170 1165 inspecto)
1190 1065 1382 1139 lectionem
1411 1066 1448 1138 in
1476 1067 1537 1138 26.
1565 1089 1598 1162 p.
1617 1063 1712 1138 med.
1737 1072 1873 1138 ΚΑΙΤΑ

487 1191 733 1262 ΠΡΟΕΔΙΚΑ.
804 1187 929 1260 Vertit
961 1185 1040 1260 haec
1068 1187 1167 1260 Letr.
1198 1184 1269 1260 Las
1303 1184 1429 1284 imptis
1459 1209 1499 1260 en
1527 1198 1662 1260 actura.
1715 1185 1873 1284 Refingit

483 1317 660 1414 Aaorrym.
696 1304 854 1404 ἕστηκεν
886 1301 933 1384 τὰ
965 1297 1192 1406 προσοδικά,
1228 1309 1394 1397 reddens,
1429 1311 1630 1386 redevances
1665 1335 1707 1384 en
1743 1324 1872 1384 actura.

484 1439 660 1514 Admittit
687 1437 727 1511 Y.
746 1463 793 1509 ra
812 1431 1012 1532 προσδικα,
1038 1459 1119 1508 cum
1146 1435 1273 1532 interp.
1298 1435 1454 1535 pacatior
1463 1435 1653 1536 privilcqar.
1707 1437 1872 1530 Denique

485 1559 602 1634 Hoslr.
633 1561 971 1633 Teutomatus
1001 1553 1101 1652 quod
1134 1555 1285 1652 expedit
1317 1568 1478 1632 armenos
1506 1555 1600 1642 dms,
1630 1557 1734 1653 quasi
1768 1556 1874 1629 fuerit

484 1673 665 1758 εὶσοδικά.
716 1682 944 1758 Crediderim
971 1681 1009 1753 in
1034 1680 1105 1753 hoc
1131 1679 1212 1752 loco
1238 1679 1519 1775 quadratarium,
1537 1681 1716 1779 vertigine
1734 1703 1872 1775 correp

484 1819 570 1891 tum,
589 1802 796 1876 confudisse
814 1803 980 1889 invicem,
1001 1807 1221 1876 ΚΑΙΕΑΡΟΕ
1239 1814 1276 1874 et
1294 1807 1570 1896 ΚΑΙΤΑΠΡΟΙΞ,
1590 1813 1628 1875 et
1643 1801 1870 1898 insculpsisse

487 1950 567 2020 quae
584 1924 620 1996 in
639 1923 758 2020 lapide
776 1935 940 2020 prostant
956 1946 1022 2019 pro
1041 1925 1613 1996 ΚΑΙΕΑΡΟΠΑΠΡΟΕΟΔΙΚΑ.
1641 1921 1741 2014 Quid
1752 1920 1873 1994 enim?

486 2042 762 2117 Recordandum
781 2053 836 2113 est
861 2042 899 2114 in
925 2041 1050 2137 primis
1077 2038 1215 2136 duplex
1241 2041 1351 2114 statui
1375 2039 1571 2113 fundorum
1597 2065 1732 2138 genus;
1759 2041 1869 2138 publi·

483 2189 617 2248 corum,
636 2161 733 2236 unde
752 2161 890 2234 reditus
916 2185 999 2233 suos
1025 2160 1207 2234 habebant
1224 2161 1475 2258 Imperatores,
1494 2160 1625 2234 deinde
1647 2161 1794 2234 illorum
1812 2161 1871 2255 qni

483 2285 529 2358 ad
555 2285 713 2382 privatos
739 2282 962 2355 devenerant
987 2280 1180 2378 emptionis
1203 2281 1286 2376 jure
1316 2305 1382 2378 per
1407 2279 1567 2354 medium
1595 2293 1739 2379 tempus
1770 2305 1871 2378 supra

483 2405 632 2488 dictum,
644 2415 752 2498 atque
766 2399 833 2473 hac
845 2399 891 2472 de
905 2424 1012 2472 causa
1024 2399 1305 2496 pensitationum
1323 2399 1500 2473 inmunes.
1543 2401 1755 2497 Distingnas
1768 2424 1870 2498 porro

483 2531 577 2602 inter
595 2515 752 2627 ἐκφόρια
770 2538 808 2598 et
831 2549 912 2622 quse
928 2524 966 2596 in
985 2525 1090 2596 titulo
1108 2523 1336 2622 adpellantur
1356 2515 1578 2618 καθήκοντα.
1630 2527 1760 2599 Priora
1776 2537 1870 2600 erant

476 2659 665 2747 proventus
687 2644 746 2716 vel
771 2643 912 2728 tributa,
934 2666 1016 2738 quae
1041 2641 1267 2738 potissimum
1296 2667 1406 2738 penes
1435 2643 1675 2740 Imperatores
1706 2661 1783 2719 erat
1810 2669 1870 2742 pro

485 2768 670 2840 voluntate
702 2789 767 2837 sua
794 2764 940 2860 exigere
972 2762 1031 2834 vel
1059 2763 1275 2835 condonare.
1338 2763 1409 2834 His
1441 2763 1571 2836 similis
1597 2764 1769 2840 videntur
1795 2789 1869 2861 qua

483 2899 615 2961 vocant
632 2897 819 2968 nostrates
836 2895 1066 2966 croton-reate,
1084 2881 1270 2978 quitrents,
1289 2881 1493 2982 chiefrenta.
1547 2883 1729 2958 Redibant
1746 2899 1784 2960 et
1798 2909 1870 2984 pro·

484 3021 614 3081 ventus
641 3004 869 3102 Imperatorii
895 3027 944 3076 ex
971 3003 1137 3096 metallis,
1161 3027 1243 3098 quse
1271 3028 1346 3090 nos,
1367 3003 1555 3104 Roycltiea,
1580 3017 1698 3100 atque,
1726 3007 1869 3104 imperio

484 3132 672 3230 capessito,
698 3154 746 3202 ex
774 3153 861 3202 auro
893 3128 1090 3214 coronaris,
1122 3128 1222 3224 quod
1249 3130 1438 3203 vocabant.
1493 3129 1640 3223 Contra,
1669 3123 1869 3226 καθήκοντα

484 3267 586 3327 erant
602 3261 733 3326 statuta
747 3273 811 3321 seu
821 3245 1028 3334 communia,
1043 3247 1088 3319 ad
1101 3248 1156 3320 rei
1172 3247 1329 3344 publicae
1346 3247 1536 3322 commoda
1561 3247 1751 3324 destinata.
1786 3252 1869 3324 Hac

484 3399 558 3448 non
584 3373 756 3446 remittit:
783 3371 894 3444 immo
920 3369 1113 3467 pendenda
1139 3371 1273 3444 statuit.
1325 3373 1381 3444 At
1402 3372 1555 3466 questio
1576 3397 1673 3446 nune
1691 3386 1747 3446 est
1763 3373 1808 3445 de
1823 3395 1869 3442 re·

485 3496 621 3569 ditibus
636 3493 798 3578 Caesaris,
816 3491 860 3564 iis
878 3515 1007 3587 nempe
1025 3492 1154 3586 quiex
1172 3490 1249 3563 solo
1266 3515 1487 3588 provenere3
1513 3515 1597 3564 nam
1615 3493 1662 3565 de
1680 3493 1814 3566 tributo
1826 3513 1869 3562 ex
1949 3557 1953 3564 ,
1987 3483 1988 3520 ³

484 3615 593 3714 cupita
608 3614 647 3686 in
664 3638 703 3686 re
721 3612 876 3684 instante
894 3637 967 3684 non
985 3610 1127 3710 agitur&
1165 3613 1361 3709 Accipiant
1377 3636 1445 3709 pro
1461 3612 1700 3686 illustratione
1718 3615 1869 3711 legentes
1987 3661 1988 3712 ,

485 3759 582 3830 seqq.
605 3729 791 3807 Suetonii:
819 3728 864 3805 Si
880 3729 1004 3826 qualus
1021 3755 1125 3828 repca
1143 3729 1290 3805 restituit
1309 3731 1376 3830 (sc.
1389 3730 1575 3830 Caligula)
1594 3733 1719 3832 adjecit
1734 3747 1764 3810 ct
1772 3735 1869 3831 sruc-

485 3886 560 3948 tura
590 3871 747 3946 omnium
782 3868 1046 3968 uectigaliorum,
1074 3883 1105 3944 ct
1130 3869 1281 3944 raditum
1309 3868 1415 3946 madii
1443 3871 1613 3970 temporis,
1640 3886 1680 3946 ut
1705 3871 1868 3947 Antiocho

489 3996 714 4096 Comnaopcao
726 3997 917 4070 sutanum
933 3993 1056 4070 millies
1072 3998 1302 4096 confiscatum.
1342 3996 1415 4070 Hic
1434 3995 1585 4072 medinm
1602 4010 1736 4098 tempus
1755 3993 1794 4096 (ὁ
1811 3987 1866 4088 με’-

525 4219 634 4278 ι(ἓοιιΐ.
663 4217 763 4276 Pitise.
791 4217 836 4275 Da
859 4216 979 4286 cataro,
1007 4217 1038 4274 in
1062 4216 1155 4274 Lario.
1206 4217 1263 4276 snb
1276 4216 1342 4274 init.

485 4319 597 4395 Autipq.
614 4329 686 4376 trn.
702 4337 728 4394 p.
738 4317 804 4377 640.
818 4338 842 4374 s.
857 4315 1045 4375 etForcellin.
1055 4317 1085 4373 in
1095 4335 1154 4374 voc.
1246 4317 1252 4350 ¹
1269 4316 1337 4376 scil.
1353 4315 1440 4392 Uelio.
1452 4333 1516 4374 xvr.
1530 4317 1586 4374 sub
1600 4314 1649 4373 fin.
