4028 5258
167 548 395 646 rusencnxv]
779 547 932 614 LIBYA.
1495 555 1557 618 345

165 757 270 816 natur
296 743 335 814 in
361 741 462 814 hisce
490 742 673 839 AEgyptus
699 743 864 838 superior
886 755 924 815 et
951 741 1110 828 inferior,
1130 738 1164 813 oi
1184 733 1272 828 ἅνω,
1293 731 1403 830 κάτω,
1424 732 1557 815 τόπον.

167 864 242 938 Sub
259 862 352 936 med.
368 861 416 936 H.
437 868 671 936 UPOAU'A.
689 865 753 936 ubi
766 861 839 937 Ho.
856 869 1105 948 ΠΡΟΑΣΤΙΑ,
1128 861 1165 939 C.
1185 869 1464 939 ΠΡΟΑΕΤΕΙΑ.
1500 867 1557 938 Dc

164 981 368 1079 Metropole
393 980 453 1054 hic
480 979 670 1054 manifesto
687 981 850 1076 loquitur
867 983 927 1054 Pr.
945 995 987 1055 ut
1012 1007 1120 1078 supra
1143 983 1180 1055 in
1199 1009 1255 1055 vv,
1275 989 1305 1055 5.
1325 987 1382 1057 33.
1435 986 1478 1056 In
1496 989 1557 1057 49.

164 1108 238 1180 init.
252 1105 304 1181 H.
322 1112 630 1182 ΙΕΙΑΤΑΝΟΜΝ.
666 1106 812 1178 Dicitur
827 1103 1018 1199 πληθικῶι·
1036 1123 1118 1204 post
1136 1108 1229 1182 med.
1245 1121 1287 1182 ut
1300 1134 1409 1207 supra
1421 1110 1458 1183 in
1472 1113 1555 1183 5-6.

164 1223 257 1305 κατὰ
274 1221 416 1325 πλήθη.
470 1232 642 1328 Imperite
659 1228 708 1302 A.
727 1221 922 1328 παραίκως,
940 1247 984 1304 ut
1009 1245 1047 1305 et
1076 1245 1158 1330 post
1183 1233 1397 1332 τοπαρχιῶν
1419 1237 1558 1308 intruso

164 1342 186 1445 ἦ
218 1350 384 1426 ἰδιωτῶν.
437 1352 639 1450 Expedivit
663 1353 812 1426 clausul.
839 1356 936 1427 Letr.
964 1351 1104 1448 Νομῶν
1132 1346 1155 1450 ἢ
1184 1355 1411 1456 Τοπαρχιῶν
1431 1355 1556 1453 ἀδικη-

164 1471 301 1551 θέντων
320 1470 528 1573 κατεκρίθη,
546 1479 619 1551 scil.
634 1504 683 1552 αα
693 1478 877 1578 prejudiee
886 1479 929 1554 de
938 1479 1068 1555 Nomas
1081 1507 1126 1556 αα
1139 1483 1181 1556 de
1196 1483 1410 1582 Toparclies.
1440 1486 1557 1558 11150.

165 1603 240 1675 init
260 1600 307 1674 H.
325 1609 479 1677 ΤΑΙΤΑ.
532 1603 594 1676 Ad
626 1627 726 1699 seqq.
755 1601 806 1680 εὶς
825 1592 894 1696 τὴν
911 1597 1100 1701 προτέραν
1120 1597 1239 1705 τάξιν,
1262 1609 1425 1681 conferas
1451 1635 1559 1706 supra

165 1724 273 1798 citata
302 1751 351 1799 ex
378 1727 591 1801 Herodiano
619 1729 656 1800 in
683 1743 754 1802 not.
772 1757 807 1828 y.
826 1755 861 1801 v.
884 1732 940 1802 18.
971 1729 1021 1808 eir
1041 1721 1083 1804 τὸ
1105 1727 1262 1829 ἀρχαῖον
1282 1729 1342 1805 καὶ
1363 1724 1560 1831 ἐλεύθερον

166 1843 319 1947 ἀφῆκεν.
353 1854 515 1925 Verrunt
532 1851 577 1927 L.
596 1867 634 1926 et
650 1853 697 1925 A.
715 1879 778 1927 sur
795 1855 944 1929 t’aneien
954 1855 1047 1955 pred,
1067 1857 1166 1950 quod
1183 1859 1274 1930 etin
1294 1885 1432 1932 vernae.
1448 1875 1559 1932 nostr.

165 1995 210 2042 ort
227 1971 310 2046 tlteir
324 1973 461 2072 former
474 1973 622 2072 Ῐαοΐὶνιρ,
639 1973 760 2049 ordine
779 1975 913 2074 (statu)
932 2002 1048 2051 eoram
1062 1976 1223 2075 pristino.
1276 1981 1439 2076 Respicit
1461 1982 1561 2053 nimi-

164 2115 244 2164 rum
264 2094 322 2165 Pr.
337 2093 383 2166 ad
401 2095 646 2168 immunitates
665 2097 725 2169 vel
742 2097 940 2170 levationes
958 2115 1171 2172 memoratas
1188 2099 1226 2172 in
1239 2125 1270 2171 v,
1287 2103 1345 2174 26.
1385 2101 1560 2200 Supplevi

165 2217 203 2290 in
231 2217 301 2292 fine
330 2215 580 2315 λογιστηρίον
610 2247 658 2294 ex
687 2245 814 2297 cnxlv.
844 2247 874 2295 a.
912 2225 970 2296 35.
1037 2223 1179 2296 Deinde
1207 2225 1307 2296 varia
1335 2227 1558 2320 conjeceris3

166 2333 472 2444 ἀναγράφουσιν,
493 2336 808 2445 ἐξαφανίσαυσιν,
829 2338 1114 2446 ἐξαλείψανσιν.
1168 2349 1250 2421 Ηοα
1278 2351 1431 2446 praetuli.
1487 2351 1559 2425 Sed
1666 2437 1672 2450 ι

166 2466 259 2539 conf.
280 2489 445 2540 cuxrva.
465 2469 524 2539 33.

241 2593 293 2664 X.
321 2591 477 2666 Obviam
495 2591 568 2663 itur
584 2589 773 2664 fraudibus
793 2589 1000 2665 Scribarum
1025 2616 1046 2663 a
1071 2591 1271 2664 rationibus
1289 2581 1560 2686 (ἐκλογιστῶν)

166 2725 204 2784 et
220 2711 541 2807 Pragmaticorum‚
559 2709 623 2806 qui
646 2708 805 2782 ditandis
822 2709 910 2806 ipsis
927 2708 1120 2782 dumtaxat
1137 2710 1324 2783 studentes
1343 2711 1498 2808 plurima
1516 2713 1560 2785 de

167 2832 299 2905 tabulis
328 2833 531 2905 rationariis
557 2833 693 2926 absque
720 2833 859 2904 monitu
889 2832 967 2926 ejus
1001 2830 1126 2904 habito
1157 2831 1376 2918 deleverant,
1413 2835 1561 2906 summis

167 2979 256 3049 quas
273 2967 488 3051 acceperant
513 2955 640 3052 procul
667 2953 780 3027 dubio
806 2954 966 3050 ipsorum
993 2952 1103 3026 factis.
1156 2952 1245 3025 Ideo
1264 2954 1430 3050 strategis
1456 2954 1563 3026 inter-

167 3075 301 3148 dicitur
318 3075 481 3172 accipere
500 3076 538 3147 in
552 3091 744 3148 venturum
764 3100 784 3148 a
804 3073 939 3149 Scribis
957 3074 1114 3146 rationes
1128 3098 1252 3147 eorum
1267 3074 1358 3146 clam
1374 3075 1562 3162 Praesect0‚

166 3201 427 3296 actoribusque
456 3197 767 3296 (πραγματικοῖς)
787 3198 851 3295 qui
876 3197 1008 3271 tabulis
1029 3197 1168 3293 aliquid
1193 3197 1274 3271 falsi
1298 3197 1489 3272 intulerint
1514 3201 1564 3270 in-

167 3321 302 3394 dicitur
312 3321 436 3406 multa
449 3319 523 3392 scil.
538 3342 757 3392 summarum
777 3317 910 3412 quibus
924 3315 1090 3387 aerarium
1103 3315 1353 3411 expilaverant
1370 3317 1561 3402 restituti0‚

167 3445 319 3518 totidem
338 3446 488 3542 insuper
506 3435 683 3541 (ἔξωθεν)
702 3441 820 3514 eidem
838 3440 1025 3538 pensitatis
1046 3441 1232 3537 (51-55.).

242 3565 286 3637 In
315 3567 375 3637 51.
410 3563 489 3636 init.
519 3559 556 3638 C.
589 3567 936 3648 [.ωΛΕΑΕΤΙΙ<ΑΙ,
979 3557 1029 3632 Η.
1065 3567 1104 3634 Γ.
1118 3567 1467 3652 ωΙῖΑΙΖΑ.ΕΤΙΚΑΙ,
1493 3563 1561 3638 Ηο.

170 3696 291 3765 ΕΚΟΛ
324 3696 396 3776 ΣΑ,
422 3688 636 3762 concinente
662 3685 709 3758 L.
736 3685 773 3758 in
800 3683 952 3758 minusc.
983 3671 1165 3756 ἐκόλασα.
1201 3687 1250 3757 Α.
1279 3675 1399 3761 ideas
1419 3679 1561 3757 αὐτίκα.

166 3977 169 3984 .
206 3919 839 3984 ο(3οιιί.1ὶοεεικν.46.ἰιπι“ιπ·ῠ1πισικίιις
888 3915 933 3982 site
946 3921 1025 4000 ingeris
1043 3919 1179 3996 ἱξιθιίαζοι,
1196 3919 1237 3978 ἰπὶ
1252 3920 1322 3996 μίγη
1339 3927 1428 3980 Νεῖλον
1448 3927 1564 4003 algente,

166 4031 212 4083 τοῦ
231 4023 340 4094 ixioni
358 4026 507 4087 πταίσαντας
526 4025 567 4084 τήν
585 4045 612 4080 τι
624 4021 674 4079 'ae'w
688 4020 775 4099 χᾶςιτ
792 4024 840 4078 ul
884 4014 965 4098 'ssede
983 4041 1010 4075 τι
1027 4025 1074 4076 καὶ
1089 4014 1198 4098 {aldeger
1212 4024 1411 4086 ἄπιιαλοῧιτις,
1427 4022 1564 4094 Αἰγύπτου

167 4129 210 4186 nir
228 4123 311 4182 κᾶτα·
360 4123 476 4182 Pariter
501 4126 531 4186 ιῖς
555 4121 613 4184 τοὺς
630 4121 680 4176 dm
698 4123 792 4184 τόπους
810 4119 842 4176 in
892 4138 918 4172 τι
933 4117 1113 4190 ἵλιςηῖςμὶτ
1127 4115 1176 4172 ltu
1191 4121 1300 4196 ταπῖςιτ,
1322 4121 1365 4182 τῆς
1379 4120 1451 4176 κτίται
1466 4117 1490 4178 di
1512 4147 1565 4178 πιι.

167 4223 277 4299 Ραρρν.
290 4221 406 4279 Tauria.
418 4221 468 4277 cit.
481 4239 499 4276 a
509 4219 648 4277 Letronn.
662 4237 691 4276 u.
701 4237 722 4274 s.
737 4237 765 4294 p.
776 4215 844 4278 286.
894 4213 951 4290 π’μι
960 4213 1006 4272 καὶ
1020 4210 1177 4292 dinatum.

169 4321 238 4378 Huc
251 4317 328 4378 refer
341 4327 371 4376 et
380 4316 533 4392 AEtltt'opr'c.
544 4331 586 4372 rx.
602 4319 649 4373 22.
664 4334 691 4390 p.
706 4333 744 4372 m.
759 4312 807 4380 Ὠς
818 4311 844 4372 δὲ
