3994 5244
130 517 385 603 meseonem]
706 513 950 582 TENTYRIS.
1448 523 1511 588 219

128 727 200 776 esse
225 703 383 778 natalem
409 703 641 802 Imperatoris
667 703 908 781 certissimum
925 704 1081 796 videtur,
1098 731 1208 804 quem
1231 721 1366 783 norunt
1388 734 1512 784 omnes

127 821 231 898 fuisse
249 845 300 898 rx.
319 823 400 898 Kal.
413 823 613 912 Octobrem,
630 823 664 898 h.
679 849 708 899 e.
726 825 986 924 nvnTlsuytls.

676 1125 903 1204 CCCLXV.
930 1129 965 1202 b.

195 1288 391 1386 Descripta
407 1287 453 1362 de
471 1287 664 1387 supercilio
686 1288 844 1388 epistylii
873 1285 999 1387 pronai
1026 1287 1157 1362 aedium
1176 1286 1401 1387 Aphrodites
1420 1289 1514 1365 Ten·

126 1409 276 1508 tyritieae
305 1411 444 1510 (Astyr
468 1411 529 1484 vel
557 1409 681 1498 Atlans,
711 1406 951 1508 ΤΗΙ-δορὴ
980 1435 1071 1509 opus
1096 1409 1411 1484 molestissimum!
1449 1408 1513 1483 sed

125 1535 265 1612 favente
283 1537 372 1610 solis¹
387 1535 560 1634 adspectu
576 1547 614 1610 et
630 1536 760 1610 tubulo
772 1535 887 1610 fretus
905 1523 1131 1635 τηλεσκόπῳ
1146 1536 1292 1612 sabrieae
1308 1535 1406 1612 haud
1420 1561 1514 1636 sper·

125 1657 251 1731 nendae
267 1657 429 1731 laborem
446 1656 632 1731 exantlavi
641 1687 650 1751 ;
677 1657 779 1754 atqui
794 1682 869 1731 non
886 1657 956 1732 nisi
973 1658 1103 1756 saepius
1119 1659 1249 1733 iterato
1266 1671 1406 1734 conatu

197 1777 343 1854 Cuncta
366 1777 405 1851 in
429 1801 463 1850 v.
483 1779 515 1850 1.’
532 1799 648 1871 usque
665 1775 712 1849 ud
732 1781 804 1850 ΕΠΙ
824 1775 909 1849 satis
927 1774 1087 1850 dilucide
1109 1800 1148 1850 se
1173 1777 1212 1850 in
1237 1801 1417 1852 marmore
1434 1802 1513 1876 pru

126 1898 267 1975 debant
318 1897 463 1973 Deinde
479 1895 632 1995 vestigia
657 1895 856 1982 dumtaxat.
874 1918 989 1991 eaque
1005 1919 1107 1993 paene
1125 1897 1288 1986 evanida
1312 1898 1513 1974 litterarum

126 2026 327 2102 discernere
356 2025 472 2125 potui.
534 2023 632 2098 Novi
660 2044 748 2097 vero
775 2032 928 2118 sequuta
956 2020 1066 2095 fuisse
1100 2022 1248 2096 nomina
1280 2023 1449 2098 Praefeuti
1477 2038 1515 2099 et

126 2147 351 2246 Epistrategi
368 2170 450 2242 quae
467 2143 618 2218 sortasse
642 2141 788 2216 fuerant
814 2141 934 2216 deleta
961 2139 1086 2216 dedita
1102 2166 1213 2240 opera
1237 2143 1331 2217 sieut
1348 2144 1457 2219 toties
1474 2144 1512 2218 in

126 2265 208 2341 aliis'
218 2267 499 2353 observavimus,
521 2290 579 2340 ex.
599 2290 631 2340 e.
655 2289 772 2364 supra,
792 2286 894 2341 ccct-
919 2287 1047 2342 uccax.
1065 2289 1094 2338 a
1146 2265 1300 2338 Memini
1317 2263 1402 2340 ideo
1418 2267 1513 2340 Prae·

127 2383 209 2460 sidis
227 2385 413 2460 Tiberiani
430 2384 549 2480 quiin
566 2383 674 2458 titulo
692 2385 845 2472 Oaseno,
863 2383 947 2457 infr.
966 2405 1122 2458 cccch.
1142 2385 1203 2458 27.
1222 2383 1356 2459 dieitur
1373 2397 1513 2458 senten·

126 2504 207 2580 tium
225 2503 483 2602 inauspicatam
501 2502 627 2577 tulisse
645 2501 692 2576 de
710 2501 948 2600 vectigalibus
965 2499 1167 2600 exigendis,
1184 2503 1248 2598 qui
1269 2527 1378 2600 porro
1395 2503 1514 2578 fuerat

126 2621 336 2697 Judaeorum
362 2619 463 2718 genti
486 2617 576 2692 adeo
598 2617 770 2706 infensus,
796 2619 928 2713 Flacci,
955 2619 1166 2716 tentavique
1193 2645 1313 2694 annon
1334 2621 1514 2696 elementa

127 2740 267 2814 exoleta
282 2737 438 2835 quadam
455 2736 595 2810 ratione
611 2735 698 2810 huie
715 2735 944 2834 quadrarent.
985 2737 1086 2830 Enni,
1103 2739 1142 2812 in
1159 2740 1293 2835 primis,
1311 2746 1514 2817 ΛΕΥΚΙΟΥ

126 2887 186 2937 seu
201 2868 426 2948 ΛΟΥΚΙΟΥ,
444 2859 528 2934 dein
554 2861 769 2958 paucissima
784 2885 900 2957 usque
917 2859 1113 2936 adnomen
1130 2863 1348 2963 epistrategi
1367 2891 1449 2963 quae
1473 2867 1512 2941 in

126 2983 412 3084 opisthographis
429 2983 543 3081 posui.
589 2981 840 3058 Certissimum
861 3007 949 3056 vero
969 2983 1126 3058 dixerim
1143 2983 1297 3059 indicari
1313 2985 1512 3062 Praesidem

126 3127 230 3204 snpra
246 3105 396 3190 dietum,
413 3101 587 3178 Avillium
603 3101 787 3180 Flaccum.
838 3105 894 3179 De
912 3105 1142 3205 Epistratego
1159 3106 1212 3180 nil
1229 3107 1319 3180 certi
1336 3107 1511 3183 affirmare

126 3247 227 3320 quen,
245 3247 359 3322 quum
376 3223 466 3297 tales
481 3222 619 3297 fuerint
634 3223 673 3296 in
691 3223 813 3299 Gestis
833 3224 970 3323 ignoti:
998 3249 1080 3321 quae
1097 3249 1185 3299 vero
1201 3226 1296 3300 acies
1314 3227 1445 3324 scalpri
1461 3227 1512 3302 in·

125 3347 272 3421 notiora
280 3343 389 3441 liquit
398 3341 620 3417 commendo.
647 3341 791 3416 Deinde
802 3344 922 3417 omnia
932 3343 1017 3418 satis
1028 3343 1337 3434 manifestassent,
1349 3345 1511 3444 adusque

126 3461 219 3539 tituli
234 3463 432 3539 clausulam
443 3461 508 3536 ubi
518 3459 656 3559 epocha
668 3461 913 3559 exspectanda
928 3475 1015 3548 erat,
1032 3486 1115 3558 quae
1131 3487 1229 3550 veru,
1246 3463 1325 3561 pari
1341 3489 1423 3538 curn
1441 3467 1511 3563 pri·

126 3585 245 3660 oribus
262 3583 417 3671 fortuna,
429 3583 506 3656 visa
523 3595 579 3656 est
595 3581 641 3656 de
658 3581 836 3656 industria
844 3581 953 3657 fuisse
965 3583 1155 3658 eliminata
1195 3585 1381 3673 Attamen,
1393 3587 1511 3684 posito

126 3702 290 3778 Praesenti
305 3701 461 3788 nomine,
477 3699 576 3774 facili
592 3699 675 3773 nisu
691 3699 891 3798 reparanda
907 3701 1061 3790 videtur,
1071 3701 1204 3777 'addito
1221 3715 1395 3801 praeterea
1411 3704 1510 3801 quod

127 3824 241 3898 statim
253 3821 431 3896 suecurrit
443 3819 593 3894 credere
604 3816 736 3892 aedium
748 3819 1055 3894 consecrationem
1068 3819 1178 3895 fuisse
1191 3822 1317 3895 ineam
1333 3821 1429 3898 diem
1444 3837 1510 3900 sta-

127 3955 235 4019 tutam
254 3967 337 4040 quae
353 3954 391 4016 et
406 3940 573 4015 natalicia
588 3951 667 4014 erat
682 3939 795 4036 ipsius
808 3940 1041 4038 Imperatoris
1058 3941 1151 4015 etin
1168 3965 1290 4016 mense
1308 3943 1403 4020 divae
1420 3959 1510 4021 tute·

161 4185 269 4247 ‘Conf-
290 4183 412 4244 Sueten.
425 4181 542 4260 Aufust-
564 4199 594 4241 v.
607 4181 673 4241 init.
703 4182 790 4242 Dion.
840 4185 1014 4264 zmspsgiw
1027 4181 1172 4257 minu.
1213 4185 1310 4246 Adeas
1319 4187 1511 4267 Schlegel.ed

127 4299 182 4344 tvl·
196 4289 243 4348 30.
260 4283 311 4343 fin.
345 4287 382 4364 Τῇ
401 4285 452 4360 ομὶρ
471 4286 541 4364 τρίτῃ
561 4285 608 4342 sal
626 4285 724 4362 εἰκοστῇ
747 4287 793 4342 τοῦ
841 4279 1055 4359 Impp.Monll.
1068 4303 1096 4361 p.
1111 4285 1175 4344 116.
