3918 5240
99 538 187 584 mssa
201 538 322 584 occmv.
339 517 386 606 d.]
711 515 882 584 PHILAE.
1414 519 1475 586 169

159 713 252 800 θεὸς
264 723 469 822 appellatur
480 723 519 796 in
530 747 564 796 a.
574 723 608 796 8.
623 723 717 797 sicut
727 723 916 798 Ptolemaei
928 726 1057 799 ceteri:
1077 725 1163 800 vide
1176 751 1273 825 supr.
1286 747 1431 802 cccmv.
1444 753 1473 800 c.

97 837 308 946 Φιλοπάτωρ
333 849 372 922 in
391 850 425 922 9.
442 846 600 922 studium
619 872 706 946 erga
722 849 931 922 memoriam
948 851 1060 947 patris
1080 850 1217 926 Soteris
1234 853 1296 938 11,
1313 853 1352 926 iu
1369 853 1473 948 cujus

97 973 209 1060 locum,
221 974 291 1048 etsi
300 973 445 1059 nothus,
460 973 643 1060 successit,
657 973 861 1060 revocabat,
875 985 912 1046 et
923 963 1166 1072 Φιλάδελφος
1182 975 1221 1048 in
1236 977 1292 1050 10.
1304 974 1473 1048 dilectam

96 1094 259 1167 acivibus
276 1106 315 1168 et
330 1092 468 1166 infelici
484 1104 581 1166 sorte
597 1117 700 1166 usam
712 1091 942 1190 Cleopatram
961 1093 1170 1168 Berenicen.
1223 1095 1376 1168 Minime
1394 1117 1472 1192 pro

97 1213 200 1287 babile
217 1237 302 1288 reor
314 1212 414 1287 hunc
426 1212 572 1286 titulum
586 1224 735 1312 propter
750 1211 897 1286 fratrem
914 1211 1026 1286 fuisse
1044 1213 1231 1302 adscitum,
1249 1216 1354 1311 cujus
1368 1213 1471 1287 ditio
1598 1191 1606 1217 ⁸

96 1355 166 1404 nem
187 1331 328 1428 aliquot
351 1331 453 1406 annia
474 1343 600 1429 postea
616 1331 654 1403 vi
670 1355 692 1404 a
708 1330 880 1404 Romanis
903 1343 1114 1429 occupatam
1140 1334 1260 1407 animo
1277 1347 1351 1408 tam
1369 1358 1473 1430 aequo

96 1451 231 1546 partilit
247 1452 425 1544 Auletes;
451 1450 532 1524 leve
551 1475 635 1524 sane
652 1449 828 1538 indicium
846 1449 995 1525 affectus
1012 1451 1171 1526 fraterni.

159 1571 325 1669 Denique
343 1573 467 1646 abesse
485 1586 589 1644 notes
612 1572 658 1645 ab
678 1570 749 1644 hoc
773 1570 879 1644 titulo
894 1572 1116 1646 mentionem
1133 1573 1282 1672 Regiuae
1299 1589 1337 1648 et
1353 1574 1474 1672 prolis,

97 1690 181 1765 uude
196 1691 489 1766 concludendum
507 1691 653 1766 videtur
668 1693 903 1766 Ptolemaeum
922 1694 993 1766 XI.
1012 1693 1131 1768 adhuc
1148 1696 1313 1770 coelibem
1331 1695 1449 1769 fuisse.

159 1813 352 1887 Adorandi
367 1829 468 1886 actus
490 1811 602 1886 fiebat
617 1837 683 1910 per
701 1810 974 1902 Callimachum,
1001 1815 1095 1888 siout
1110 1815 1205 1889 infra
1228 1841 1295 1914 per
1317 1817 1477 1915 Lysima-

97 1943 191 2018 chum
215 1962 253 2020 et
271 1945 516 2019 Theodotum.
569 1945 790 2043 Designatur
805 1946 905 2043 prior
921 1947 1052 2020 horum
1071 1942 1091 2020 ὃ
1112 1939 1310 2044 συγγενής,
1327 1949 1398 2022 hoc
1412 1962 1475 2035 est,

98 2064 271 2139 Ptolemaei
287 2065 412 2164 ipsius,
429 2065 541 2163 idque
558 2091 631 2140 non
649 2091 714 2163 per
731 2066 939 2142 affinitatem
957 2068 1143 2166 sanguinis
1161 2069 1226 2143 sed
1236 2068 1476 2168 appellatione

97 2183 292 2264 honorifica.
345 2190 399 2262 Re
424 2189 503 2286 ipsa
528 2189 728 2263 nobilitatis
746 2191 902 2288 speciem
920 2215 994 2288 prae
1012 2215 1049 2264 se
1066 2189 1205 2265 ferebat
1221 2191 1389 2290 cognatio
1406 2192 1477 2277 illa,

98 2305 181 2380 sicut
206 2307 304 2405 apud
329 2333 396 2382 nos
424 2333 489 2406 per
512 2308 658 2382 titulum
687 2310 826 2386 commas
851 2309 1062 2409 designatur
1088 2335 1110 2384 a
1135 2311 1282 2410 regibus
1304 2311 1478 2385 Proceres

98 2427 200 2524 regui.
263 2428 451 2528 Originem
481 2431 723 2504 communiter
752 2430 799 2504 ad
830 2433 958 2505 Persas
988 2443 1182 2506 revocant.
1254 2431 1358 2508 Conf.
1385 2430 1480 2504 infra

99 2567 258 2620 cccavm.
276 2571 306 2620 a.
323 2549 358 2621 b.
412 2547 586 2645 Sequitur
601 2549 739 2623 mentio
758 2549 1019 2648 Epistrategiaa,
1036 2549 1082 2624 de
1109 2575 1183 2647 quo
1208 2576 1357 2626 munere
1385 2553 1478 2626 conf.

99 2680 209 2741 notata
221 2668 267 2742 ad
285 2669 354 2742 titt.
375 2691 531 2744 cccxxv,
544 2673 577 2743 2.
598 2691 753 2746 ccccxx.
766 2672 800 2742 5.
840 2671 947 2764 Dein,
968 2670 1157 2770 Strategiae
1175 2673 1287 2746 Maris
1306 2671 1422 2747 Indici
1442 2689 1478 2746 et

99 2784 246 2884 Erythri.
293 2786 458 2885 Simplex
474 2786 605 2861 horum
623 2789 804 2885 expositio
821 2799 887 2880 est,
901 2789 1000 2886 quod
1018 2790 1267 2890 Epistrategus
1282 2791 1480 2866 Thebaidis

101 2911 215 3006 (talem
234 2913 330 2986 enim
353 2912 465 2987 fuisse
483 2911 746 2988 Callimachum
773 2926 931 3001 autumo,
956 2927 997 2987 ut
1021 2913 1198 2990 Geminus
1223 2913 1303 2990 infr.
1322 2937 1479 2990 cccxcn.

99 3030 154 3122 qui
178 3045 214 3104 et
236 3031 497 3106 Arabarchiam
523 3030 655 3129 gessit)
680 3030 840 3105 habebat
868 3031 1063 3128 aliquando
1087 3032 1375 3129 jurisdictionem
1408 3057 1480 3106 non

100 3153 196 3226 modo
223 3179 288 3252 per
316 3153 492 3228 littorales
516 3168 636 3252 partes
662 3155 775 3228 Maris
799 3155 916 3228 Rubri
941 3178 1023 3249 quae
1050 3155 1145 3227 iutra
1171 3155 1303 3228 limites
1327 3156 1480 3254 AEgypti

99 3272 266 3345 conclusae
292 3287 386 3356 suut,
418 3271 482 3346 sed
506 3271 748 3344 meridialium
783 3271 945 3368 adusque
980 3273 1054 3370 (ex.
1080 3272 1131 3370 o.)
1150 3273 1347 3371 Aequatiae
1378 3276 1480 3349 diros

101 3385 243 3487 (waioli
263 3386 354 3494 cala)
372 3395 436 3470 ubi
448 3420 531 3469 cum
546 3394 746 3494 Erythraeo,
757 3395 779 3468 i.
793 3420 822 3469 e.
835 3395 962 3470 Indico
976 3397 1051 3469 sive
1066 3397 1285 3494 AEthiopico,
1295 3400 1476 3498 jungitur:

103 3515 135 3588 in
149 3515 217 3592 hoc
234 3543 342 3592 sensu
359 3541 443 3591 eum
461 3515 534 3589 dici
551 3515 710 3613 potuisse
727 3515 934 3615 strategum
948 3516 1067 3590 Indici
1084 3529 1121 3590 et
1135 3519 1261 3612 Rubri,
1275 3543 1348 3592 non
1362 3519 1481 3593 Indici

134 3719 234 3780 'Cant
254 3720 387 3799 Xenoph.
408 3721 526 3798 Discipl,
539 3721 607 3796 Gya.
631 3739 649 3779 1.
670 3725 698 3780 4.
712 3719 760 3786 27.
810 3722 955 3780 Malacam
968 3721 1090 3782 mleilte
1131 3723 1267 3781 Illustrat
1284 3723 1410 3802 amplius
1428 3725 1481 3782 Di-

101 3817 206 3888 Alssw,
227 3821 267 3880 ‘a'rt
289 3827 370 3901 Kbgoc
390 3817 475 3901 ἆπῇα,
493 3824 540 3878 nal
560 3819 761 3884 ἆπηλλᾶποιτο
811 3817 891 3876 odor.
902 3835 963 3876 XVI.
974 3821 1022 3880 50·
1032 3819 1067 3878 de
1078 3821 1211 3879 Mentore
1221 3831 1252 3880 et
1262 3822 1366 3900 Bagou.
1401 3824 1481 3884 Hinc

100 3921 141 3973 ἀπ’
164 3919 295 3991 dautur,
318 3920 375 3984 τοὺς
400 3926 530 3992 bayonna}
556 3926 693 3988 aasabim
719 3921 761 3979 ab
811 3915 995 3976 Macedones:
1009 3919 1480 4000 ex.c.inMaccab.11.ll.lappel-

102 4023 171 4096 Κῦςοι
188 4045 222 4097 τᾳ
242 4017 356 4095 nipast
377 4018 578 4096 α’ποπὲμπισθιιι
601 4022 676 4078 alrtv
697 4019 760 4097 ιᾶμρ
809 4019 890 4077 latur
904 4020 1007 4098 Lysias
1021 4020 1153 4097 {elegam
1167 4025 1213 4080 xci
1227 4024 1347 4094 συγγενὲς
1367 4029 1413 4082 τοῦ
1426 4033 1481 4082 Ba-

101 4123 214 4195 Περσικῇ.
254 4118 393 4196 Explicat
407 4119 523 4177 Passov.
535 4119 625 4176 citato
638 4118 759 4178 Schnei-
810 4119 895 4184 esaiae
904 4119 1061 4198 (Antiochi
1073 4120 1125 4198 V.)
1145 4121 1280 4199 idemque
1288 4119 1480 4194 abscisior.

100 4211 152 4274 der.
169 4217 291 4288 Συιῃιιῆς
310 4235 372 4274 soar
391 4236 438 4275 om
451 4216 614 4276 Persa’achen
627 4216 704 4292 Hofe
715 4217 761 4276 eia
809 4221 857 4278 22.
879 4219 962 4279 Cous.
974 4220 1112 4279 Latronn.
1121 4221 1152 4279 in
1162 4222 1210 4282 tit
1216 4222 1346 4284 Phileas.
1360 4223 1478 4296 Recessit,

101 4311 246 4385 Strambai
268 4315 323 4374 dm
345 4317 394 4375 der
414 4316 510 4392 Ktm'q
532 4316 762 4392 ecquaenam
809 4328 866 4378 etc.
880 4336 956 4397 app.
972 4317 1038 4380 346.
1053 4339 1089 4380 ss.
