<?xml version="1.0" encoding="UTF-8"?>
<!DOCTYPE html PUBLIC "-//W3C//DTD XHTML 1.0 Transitional//EN"
    "http://www.w3.org/TR/xhtml1/DTD/xhtml1-transitional.dtd">
<html xmlns="http://www.w3.org/1999/xhtml" xml:lang="en" lang="en">
 <head>
  <title>
</title>
<meta http-equiv="Content-Type" content="text/html;charset=utf-8" />
  <meta name='ocr-system' content='tesseract 3.04.00' />
  <meta name='ocr-capabilities' content='ocr_page ocr_carea ocr_par ocr_line ocrx_word'/>
</head>
<body>
  <div class='ocr_page' id='page_1' title='image "./fasciculusinscr02kenngoog_0018.png"; bbox 0 0 3994 5242; ppageno 0'>
   <div class='ocr_carea' id='block_1_1' title="bbox 711 525 1537 593">
    <p class='ocr_par' dir='ltr' id='par_1_1' title="bbox 711 525 1537 593">
     <span class='ocr_line' id='line_1_1' title="bbox 711 525 1537 593; baseline -0.002 -1"><span class='ocrx_word' id='word_1_1' title='bbox 711 525 968 593; x_wconf 84' lang='lat' dir='ltr'><strong>PRAEFATIO.</strong></span> <span class='ocrx_word' id='word_1_2' title='bbox 1499 527 1537 591; x_wconf 89' lang='lat'><strong>11</strong></span> 
     </span>
    </p>
   </div>
   <div class='ocr_carea' id='block_1_2' title="bbox 151 714 1540 2076">
    <p class='ocr_par' dir='ltr' id='par_1_2' title="bbox 151 714 1540 1652">
     <span class='ocr_line' id='line_1_2' title="bbox 151 714 1538 816; baseline 0.001 -32"><span class='ocrx_word' id='word_1_3' title='bbox 151 715 312 812; x_wconf 89' lang='lat' dir='ltr'><strong>egregios</strong></span> <span class='ocrx_word' id='word_1_4' title='bbox 329 714 463 788; x_wconf 91' lang='lat' dir='ltr'><strong>multos</strong></span> <span class='ocrx_word' id='word_1_5' title='bbox 480 739 634 810; x_wconf 90' lang='lat' dir='ltr'><strong>quorum</strong></span> <span class='ocrx_word' id='word_1_6' title='bbox 653 719 851 790; x_wconf 79' lang='lat' dir='ltr'><strong>tentamina</strong></span> <span class='ocrx_word' id='word_1_7' title='bbox 867 715 971 789; x_wconf 85' lang='lat' dir='ltr'><strong>facile</strong></span> <span class='ocrx_word' id='word_1_8' title='bbox 990 716 1178 789; x_wconf 88' lang='lat' dir='ltr'><strong>exiliorem</strong></span> <span class='ocrx_word' id='word_1_9' title='bbox 1195 742 1217 789; x_wconf 91' lang='lat' dir='ltr'><strong>a</strong></span> <span class='ocrx_word' id='word_1_10' title='bbox 1233 719 1396 816; x_wconf 89' lang='lat' dir='ltr'><strong>passibus</strong></span> <span class='ocrx_word' id='word_1_11' title='bbox 1413 739 1538 789; x_wconf 90' lang='lat' dir='ltr'><strong>eorum</strong></span> 
     </span>
     <span class='ocr_line' id='line_1_3' title="bbox 152 851 1538 954; baseline 0.005 -32"><span class='ocrx_word' id='word_1_12' title='bbox 152 851 342 948; x_wconf 87' lang='lat' dir='ltr'><strong>sequendis</strong></span> <span class='ocrx_word' id='word_1_13' title='bbox 376 852 625 940; x_wconf 86' lang='lat' dir='ltr'><strong>deterruerint,</strong></span> <span class='ocrx_word' id='word_1_14' title='bbox 661 855 926 941; x_wconf 83' lang='lat' dir='ltr'><strong>Jablonskium,</strong></span> <span class='ocrx_word' id='word_1_15' title='bbox 962 855 1161 943; x_wconf 90' lang='lat' dir='ltr'><strong>Leichium‚</strong></span> <span class='ocrx_word' id='word_1_16' title='bbox 1190 859 1410 944; x_wconf 75' lang='lat' dir='ltr'><strong>Jacobsium,</strong></span> <span class='ocrx_word' id='word_1_17' title='bbox 1445 871 1538 954; x_wconf 92' lang='lat' dir='ltr'><strong>post·</strong></span> 
     </span>
     <span class='ocr_line' id='line_1_4' title="bbox 151 981 1538 1093; baseline 0.004 -31"><span class='ocrx_word' id='word_1_18' title='bbox 151 993 296 1066; x_wconf 91' lang='lat' dir='ltr'><strong>modum</strong></span> <span class='ocrx_word' id='word_1_19' title='bbox 317 992 480 1080; x_wconf 75' lang='lat' dir='ltr'><strong>Saluum,</strong></span> <span class='ocrx_word' id='word_1_20' title='bbox 505 993 751 1067; x_wconf 88' lang='lat' dir='ltr'><strong>Letronnium.</strong></span> <span class='ocrx_word' id='word_1_21' title='bbox 805 997 980 1069; x_wconf 80' lang='lat' dir='ltr'><strong>Attamen</strong></span> <span class='ocrx_word' id='word_1_22' title='bbox 1001 1021 1091 1088; x_wconf 85' lang='lat' dir='ltr'><strong>mea,</strong></span> <span class='ocrx_word' id='word_1_23' title='bbox 1117 995 1176 1068; x_wconf 91' lang='lat' dir='ltr'><strong>hic</strong></span> <span class='ocrx_word' id='word_1_24' title='bbox 1196 1008 1239 1069; x_wconf 89' lang='lat' dir='ltr'><strong>ut</strong></span> <span class='ocrx_word' id='word_1_25' title='bbox 1264 997 1359 1082; x_wconf 84' lang='lat' dir='ltr'><strong>aliae,</strong></span> <span class='ocrx_word' id='word_1_26' title='bbox 1384 981 1538 1093; x_wconf 84' lang='lat' dir='ltr'><strong>peregri·</strong></span> 
     </span>
     <span class='ocr_line' id='line_1_5' title="bbox 152 1130 1538 1230; baseline 0.002 -27"><span class='ocrx_word' id='word_1_27' title='bbox 152 1133 267 1204; x_wconf 91' lang='lat' dir='ltr'><strong>nantis</strong></span> <span class='ocrx_word' id='word_1_28' title='bbox 280 1133 363 1228; x_wconf 90' lang='lat' dir='ltr'><strong>jure</strong></span> <span class='ocrx_word' id='word_1_29' title='bbox 389 1157 475 1204; x_wconf 87' lang='lat' dir='ltr'><strong>usus</strong></span> <span class='ocrx_word' id='word_1_30' title='bbox 496 1130 711 1228; x_wconf 88' lang='lat' dir='ltr'><strong>proferenda</strong></span> <span class='ocrx_word' id='word_1_31' title='bbox 729 1132 830 1218; x_wconf 91' lang='lat' dir='ltr'><strong>duxi,</strong></span> <span class='ocrx_word' id='word_1_32' title='bbox 854 1133 985 1230; x_wconf 89' lang='lat' dir='ltr'><strong>pusilla</strong></span> <span class='ocrx_word' id='word_1_33' title='bbox 1004 1147 1046 1206; x_wconf 92' lang='lat' dir='ltr'><strong>ut</strong></span> <span class='ocrx_word' id='word_1_34' title='bbox 1068 1135 1139 1206; x_wconf 91' lang='lat' dir='ltr'><strong>sint</strong></span> <span class='ocrx_word' id='word_1_35' title='bbox 1163 1135 1364 1230; x_wconf 81' lang='lat' dir='ltr'><strong>saepiusque</strong></span> <span class='ocrx_word' id='word_1_36' title='bbox 1388 1133 1538 1206; x_wconf 89' lang='lat' dir='ltr'><strong>antehac</strong></span> 
     </span>
     <span class='ocr_line' id='line_1_6' title="bbox 152 1265 1540 1373; baseline 0.003 -25"><span class='ocrx_word' id='word_1_37' title='bbox 152 1277 310 1372; x_wconf 87' lang='lat' dir='ltr'><strong>repetita,</strong></span> <span class='ocrx_word' id='word_1_38' title='bbox 321 1300 438 1372; x_wconf 88' lang='lat' dir='ltr'><strong>eoque</strong></span> <span class='ocrx_word' id='word_1_39' title='bbox 452 1275 563 1372; x_wconf 87' lang='lat' dir='ltr'><strong>magis</strong></span> <span class='ocrx_word' id='word_1_40' title='bbox 577 1275 676 1371; x_wconf 93' lang='lat' dir='ltr'><strong>quod</strong></span> <span class='ocrx_word' id='word_1_41' title='bbox 693 1276 730 1348; x_wconf 93' lang='lat' dir='ltr'><strong>in</strong></span> <span class='ocrx_word' id='word_1_42' title='bbox 745 1301 909 1373; x_wconf 91' lang='lat' dir='ltr'><strong>campum</strong></span> <span class='ocrx_word' id='word_1_43' title='bbox 929 1277 1141 1350; x_wconf 88' lang='lat' dir='ltr'><strong>litterarium</strong></span> <span class='ocrx_word' id='word_1_44' title='bbox 1157 1276 1338 1350; x_wconf 83' lang='lat' dir='ltr'><strong>descendo</strong></span> <span class='ocrx_word' id='word_1_45' title='bbox 1355 1265 1540 1368; x_wconf 78' lang='grc' dir='ltr'>αὐτόπτης</span> 
     </span>
     <span class='ocr_line' id='line_1_7' title="bbox 153 1413 1540 1514; baseline 0.001 -28"><span class='ocrx_word' id='word_1_46' title='bbox 153 1415 225 1510; x_wconf 90' lang='lat' dir='ltr'><strong>ipse</strong></span> <span class='ocrx_word' id='word_1_47' title='bbox 237 1438 444 1514; x_wconf 88' lang='lat' dir='ltr'><strong>gnarusque</strong></span> <span class='ocrx_word' id='word_1_48' title='bbox 460 1414 526 1485; x_wconf 90' lang='lat' dir='ltr'><strong>sim</strong></span> <span class='ocrx_word' id='word_1_49' title='bbox 540 1413 755 1509; x_wconf 81' lang='lat' dir='ltr'><strong>quantillum</strong></span> <span class='ocrx_word' id='word_1_50' title='bbox 768 1413 911 1486; x_wconf 89' lang='lat' dir='ltr'><strong>valeant</strong></span> <span class='ocrx_word' id='word_1_51' title='bbox 930 1437 1004 1510; x_wconf 87' lang='lat' dir='ltr'><strong>prae</strong></span> <span class='ocrx_word' id='word_1_52' title='bbox 1021 1414 1188 1487; x_wconf 90' lang='lat' dir='ltr'><strong>codicum</strong></span> <span class='ocrx_word' id='word_1_53' title='bbox 1206 1415 1367 1513; x_wconf 89' lang='lat' dir='ltr'><strong>ipsorum</strong></span> <span class='ocrx_word' id='word_1_54' title='bbox 1384 1428 1540 1510; x_wconf 89' lang='lat' dir='ltr'><strong>pertrac-</strong></span> 
     </span>
     <span class='ocr_line' id='line_1_8' title="bbox 153 1553 1143 1652; baseline -0.002 -23"><span class='ocrx_word' id='word_1_55' title='bbox 153 1557 285 1629; x_wconf 87' lang='lat' dir='ltr'><strong>tatione</strong></span> <span class='ocrx_word' id='word_1_56' title='bbox 303 1553 558 1628; x_wconf 89' lang='lat' dir='ltr'><strong>hariolationes</strong></span> <span class='ocrx_word' id='word_1_57' title='bbox 575 1554 772 1652; x_wconf 72' lang='lat' dir='ltr'><strong>ingeniosae</strong></span> <span class='ocrx_word' id='word_1_58' title='bbox 790 1568 828 1626; x_wconf 91' lang='lat' dir='ltr'><strong>et</strong></span> <span class='ocrx_word' id='word_1_59' title='bbox 845 1579 1001 1628; x_wconf 89' lang='lat' dir='ltr'><strong>canones</strong></span> <span class='ocrx_word' id='word_1_60' title='bbox 1018 1555 1143 1628; x_wconf 89' lang='lat' dir='ltr'><strong>critici.</strong></span> 
     </span>
    </p>

    <p class='ocr_par' dir='ltr' id='par_1_3' title="bbox 152 1695 1540 2076">
     <span class='ocr_line' id='line_1_9' title="bbox 224 1695 1539 1792; baseline -0.002 -22"><span class='ocrx_word' id='word_1_61' title='bbox 224 1699 327 1790; x_wconf 81' lang='lat' dir='ltr'><strong>Quae,</strong></span> <span class='ocrx_word' id='word_1_62' title='bbox 348 1709 390 1769; x_wconf 92' lang='lat' dir='ltr'><strong>ut</strong></span> <span class='ocrx_word' id='word_1_63' title='bbox 412 1697 519 1770; x_wconf 91' lang='lat' dir='ltr'><strong>finem</strong></span> <span class='ocrx_word' id='word_1_64' title='bbox 542 1697 670 1770; x_wconf 83' lang='lat' dir='ltr'><strong>faciam</strong></span> <span class='ocrx_word' id='word_1_65' title='bbox 695 1711 732 1769; x_wconf 93' lang='lat' dir='ltr'><strong>et</strong></span> <span class='ocrx_word' id='word_1_66' title='bbox 755 1697 800 1770; x_wconf 92' lang='lat' dir='ltr'><strong>de</strong></span> <span class='ocrx_word' id='word_1_67' title='bbox 827 1699 966 1770; x_wconf 90' lang='lat' dir='ltr'><strong>cunctis</strong></span> <span class='ocrx_word' id='word_1_68' title='bbox 984 1698 1188 1771; x_wconf 78' lang='lat' dir='ltr'><strong>summatim</strong></span> <span class='ocrx_word' id='word_1_69' title='bbox 1210 1696 1347 1792; x_wconf 91' lang='lat' dir='ltr'><strong>loquar,</strong></span> <span class='ocrx_word' id='word_1_70' title='bbox 1365 1695 1539 1770; x_wconf 90' lang='lat' dir='ltr'><strong>hactenus</strong></span> 
     </span>
     <span class='ocr_line' id='line_1_10' title="bbox 152 1833 1540 1932; baseline 0 -26"><span class='ocrx_word' id='word_1_71' title='bbox 152 1837 341 1932; x_wconf 88' lang='lat' dir='ltr'><strong>inreperta,</strong></span> <span class='ocrx_word' id='word_1_72' title='bbox 361 1833 495 1906; x_wconf 89' lang='lat' dir='ltr'><strong>inedita</strong></span> <span class='ocrx_word' id='word_1_73' title='bbox 516 1833 651 1918; x_wconf 89' lang='lat' dir='ltr'><strong>saltem,</strong></span> <span class='ocrx_word' id='word_1_74' title='bbox 669 1833 923 1931; x_wconf 86' lang='lat' dir='ltr'><strong>complectitur</strong></span> <span class='ocrx_word' id='word_1_75' title='bbox 945 1834 1089 1908; x_wconf 88' lang='lat' dir='ltr'><strong>libellus</strong></span> <span class='ocrx_word' id='word_1_76' title='bbox 1107 1859 1219 1922; x_wconf 88' lang='lat' dir='ltr'><strong>meus,</strong></span> <span class='ocrx_word' id='word_1_77' title='bbox 1242 1835 1294 1906; x_wconf 91' lang='lat' dir='ltr'><strong>nil</strong></span> <span class='ocrx_word' id='word_1_78' title='bbox 1312 1859 1403 1932; x_wconf 86' lang='lat' dir='ltr'><strong>opus</strong></span> <span class='ocrx_word' id='word_1_79' title='bbox 1426 1848 1540 1908; x_wconf 89' lang='lat' dir='ltr'><strong>estut</strong></span> 
     </span>
     <span class='ocr_line' id='line_1_11' title="bbox 154 1974 1540 2076; baseline -0.003 -27"><span class='ocrx_word' id='word_1_80' title='bbox 154 1977 357 2076; x_wconf 84' lang='lat' dir='ltr'><strong>singillatim</strong></span> <span class='ocrx_word' id='word_1_81' title='bbox 385 1974 546 2061; x_wconf 88' lang='lat' dir='ltr'><strong>referam,</strong></span> <span class='ocrx_word' id='word_1_82' title='bbox 565 1998 678 2070; x_wconf 90' lang='lat' dir='ltr'><strong>quum</strong></span> <span class='ocrx_word' id='word_1_83' title='bbox 695 1975 732 2046; x_wconf 90' lang='lat' dir='ltr'><strong>in</strong></span> <span class='ocrx_word' id='word_1_84' title='bbox 750 1998 901 2071; x_wconf 90' lang='lat' dir='ltr'><strong>corpore</strong></span> <span class='ocrx_word' id='word_1_85' title='bbox 918 1975 1113 2047; x_wconf 90' lang='lat' dir='ltr'><strong>voluminis</strong></span> <span class='ocrx_word' id='word_1_86' title='bbox 1131 1997 1203 2068; x_wconf 90' lang='lat' dir='ltr'><strong>qua</strong></span> <span class='ocrx_word' id='word_1_87' title='bbox 1219 1998 1305 2046; x_wconf 89' lang='lat' dir='ltr'><strong>cura</strong></span> <span class='ocrx_word' id='word_1_88' title='bbox 1321 1974 1425 2070; x_wconf 90' lang='lat' dir='ltr'><strong>potui</strong></span> <span class='ocrx_word' id='word_1_89' title='bbox 1442 1998 1540 2046; x_wconf 89' lang='lat' dir='ltr'><strong>enar-</strong></span> 
     </span>
    </p>
   </div>
   <div class='ocr_carea' id='block_1_3' title="bbox 152 2113 1540 2208">
    <p class='ocr_par' dir='ltr' id='par_1_4' title="bbox 152 2113 1540 2208">
     <span class='ocr_line' id='line_1_12' title="bbox 152 2113 1540 2208; baseline -0.006 -15"><span class='ocrx_word' id='word_1_90' title='bbox 152 2121 305 2193; x_wconf 86' lang='lat' dir='ltr'><strong>rationes</strong></span> <span class='ocrx_word' id='word_1_91' title='bbox 329 2142 425 2190; x_wconf 88' lang='lat' dir='ltr'><strong>meas</strong></span> <span class='ocrx_word' id='word_1_92' title='bbox 453 2115 653 2188; x_wconf 85' lang='lat' dir='ltr'><strong>editoribus</strong></span> <span class='ocrx_word' id='word_1_93' title='bbox 679 2114 891 2186; x_wconf 90' lang='lat' dir='ltr'><strong>nominatim</strong></span> <span class='ocrx_word' id='word_1_94' title='bbox 918 2115 1035 2188; x_wconf 89' lang='lat' dir='ltr'><strong>citatis</strong></span> <span class='ocrx_word' id='word_1_95' title='bbox 1058 2113 1240 2187; x_wconf 89' lang='lat' dir='ltr'><strong>contexui.</strong></span> <span class='ocrx_word' id='word_1_96' title='bbox 1293 2114 1439 2187; x_wconf 86' lang='lat' dir='ltr'><strong>Dixerit</strong></span> <span class='ocrx_word' id='word_1_97' title='bbox 1460 2114 1540 2208; x_wconf 91' lang='lat' dir='ltr'><strong>quis</strong></span> 
     </span>
    </p>
   </div>
   <div class='ocr_carea' id='block_1_4' title="bbox 151 2256 1543 3898">
    <p class='ocr_par' dir='ltr' id='par_1_5' title="bbox 151 2256 1543 3898">
     <span class='ocr_line' id='line_1_13' title="bbox 152 2256 1541 2352; baseline -0.001 -23"><span class='ocrx_word' id='word_1_98' title='bbox 152 2259 299 2332; x_wconf 83' lang='lat' dir='ltr'><strong>sortasse</strong></span> <span class='ocrx_word' id='word_1_99' title='bbox 330 2257 427 2329; x_wconf 90' lang='lat' dir='ltr'><strong>hunc</strong></span> <span class='ocrx_word' id='word_1_100' title='bbox 461 2256 620 2328; x_wconf 90' lang='lat' dir='ltr'><strong>laborem</strong></span> <span class='ocrx_word' id='word_1_101' title='bbox 656 2269 800 2342; x_wconf 89' lang='lat' dir='ltr'><strong>temere,</strong></span> <span class='ocrx_word' id='word_1_102' title='bbox 829 2256 889 2329; x_wconf 88' lang='lat' dir='ltr'><strong>vel</strong></span> <span class='ocrx_word' id='word_1_103' title='bbox 923 2256 1048 2328; x_wconf 88' lang='lat' dir='ltr'><strong>saltem</strong></span> <span class='ocrx_word' id='word_1_104' title='bbox 1079 2280 1313 2352; x_wconf 89' lang='lat' dir='ltr'><strong>supervacuo,</strong></span> <span class='ocrx_word' id='word_1_105' title='bbox 1344 2257 1541 2352; x_wconf 87' lang='lat' dir='ltr'><strong>suscepisse</strong></span> 
     </span>
     <span class='ocr_line' id='line_1_14' title="bbox 152 2401 1540 2499; baseline 0.001 -27"><span class='ocrx_word' id='word_1_106' title='bbox 152 2415 332 2476; x_wconf 85' lang='lat' dir='ltr'><strong>auctorem</strong></span> <span class='ocrx_word' id='word_1_107' title='bbox 367 2403 430 2498; x_wconf 90' lang='lat' dir='ltr'><strong>qui</strong></span> <span class='ocrx_word' id='word_1_108' title='bbox 461 2425 509 2474; x_wconf 86' lang='lat' dir='ltr'><strong>ex</strong></span> <span class='ocrx_word' id='word_1_109' title='bbox 538 2401 698 2474; x_wconf 86' lang='lat' dir='ltr'><strong>fontibus</strong></span> <span class='ocrx_word' id='word_1_110' title='bbox 725 2403 812 2499; x_wconf 89' lang='lat' dir='ltr'><strong>ipsis</strong></span> <span class='ocrx_word' id='word_1_111' title='bbox 844 2401 1013 2476; x_wconf 87' lang='lat' dir='ltr'><strong>hauserat</strong></span> <span class='ocrx_word' id='word_1_112' title='bbox 1042 2403 1248 2493; x_wconf 91' lang='lat' dir='ltr'><strong>materiam;</strong></span> <span class='ocrx_word' id='word_1_113' title='bbox 1284 2401 1421 2474; x_wconf 91' lang='lat' dir='ltr'><strong>idcirco</strong></span> <span class='ocrx_word' id='word_1_114' title='bbox 1452 2403 1540 2476; x_wconf 90' lang='lat' dir='ltr'><strong>scite</strong></span> 
     </span>
     <span class='ocr_line' id='line_1_15' title="bbox 153 2542 1540 2642; baseline -0.001 -27"><span class='ocrx_word' id='word_1_115' title='bbox 153 2545 261 2642; x_wconf 87' lang='lat' dir='ltr'><strong>magis</strong></span> <span class='ocrx_word' id='word_1_116' title='bbox 290 2543 400 2616; x_wconf 84' lang='lat' dir='ltr'><strong>fuisse</strong></span> <span class='ocrx_word' id='word_1_117' title='bbox 428 2557 671 2642; x_wconf 88' lang='lat' dir='ltr'><strong>comparatum</strong></span> <span class='ocrx_word' id='word_1_118' title='bbox 701 2545 926 2619; x_wconf 87' lang='lat' dir='ltr'><strong>Fasciculum</strong></span> <span class='ocrx_word' id='word_1_119' title='bbox 954 2545 1110 2640; x_wconf 89' lang='lat' dir='ltr'><strong>primum</strong></span> <span class='ocrx_word' id='word_1_120' title='bbox 1140 2544 1214 2639; x_wconf 85' lang='lat' dir='ltr'><strong>qui,</strong></span> <span class='ocrx_word' id='word_1_121' title='bbox 1244 2557 1352 2640; x_wconf 89' lang='lat' dir='ltr'><strong>prout</strong></span> <span class='ocrx_word' id='word_1_122' title='bbox 1378 2542 1540 2628; x_wconf 86' lang='lat' dir='ltr'><strong>decebat,</strong></span> 
     </span>
     <span class='ocr_line' id='line_1_16' title="bbox 154 2683 1541 2785; baseline -0.002 -27"><span class='ocrx_word' id='word_1_123' title='bbox 154 2687 438 2784; x_wconf 83' lang='lat' dir='ltr'><strong>peregrinantem</strong></span> <span class='ocrx_word' id='word_1_124' title='bbox 462 2687 573 2785; x_wconf 91' lang='lat' dir='ltr'><strong>magis</strong></span> <span class='ocrx_word' id='word_1_125' title='bbox 598 2712 705 2783; x_wconf 89' lang='lat' dir='ltr'><strong>quam</strong></span> <span class='ocrx_word' id='word_1_126' title='bbox 724 2688 898 2760; x_wconf 87' lang='lat' dir='ltr'><strong>editorem</strong></span> <span class='ocrx_word' id='word_1_127' title='bbox 918 2686 1103 2759; x_wconf 86' lang='lat' dir='ltr'><strong>referebat.</strong></span> <span class='ocrx_word' id='word_1_128' title='bbox 1158 2687 1331 2758; x_wconf 87' lang='lat' dir='ltr'><strong>Attamen</strong></span> <span class='ocrx_word' id='word_1_129' title='bbox 1350 2685 1456 2757; x_wconf 90' lang='lat' dir='ltr'><strong>missa</strong></span> <span class='ocrx_word' id='word_1_130' title='bbox 1473 2683 1541 2756; x_wconf 91' lang='lat' dir='ltr'><strong>hac</strong></span> 
     </span>
     <span class='ocr_line' id='line_1_17' title="bbox 152 2823 1540 2922; baseline -0.001 -24"><span class='ocrx_word' id='word_1_131' title='bbox 152 2827 306 2913; x_wconf 86' lang='lat' dir='ltr'><strong>levitate,</strong></span> <span class='ocrx_word' id='word_1_132' title='bbox 330 2827 470 2899; x_wconf 86' lang='lat' dir='ltr'><strong>saniora</strong></span> <span class='ocrx_word' id='word_1_133' title='bbox 493 2826 660 2899; x_wconf 89' lang='lat' dir='ltr'><strong>nimirum</strong></span> <span class='ocrx_word' id='word_1_134' title='bbox 686 2827 846 2912; x_wconf 89' lang='lat' dir='ltr'><strong>edoctus,</strong></span> <span class='ocrx_word' id='word_1_135' title='bbox 865 2827 1052 2899; x_wconf 91' lang='lat' dir='ltr'><strong>enucleate</strong></span> <span class='ocrx_word' id='word_1_136' title='bbox 1076 2825 1189 2922; x_wconf 90' lang='lat' dir='ltr'><strong>magis</strong></span> <span class='ocrx_word' id='word_1_137' title='bbox 1207 2824 1352 2920; x_wconf 86' lang='lat' dir='ltr'><strong>respexi</strong></span> <span class='ocrx_word' id='word_1_138' title='bbox 1379 2823 1417 2895; x_wconf 93' lang='lat' dir='ltr'><strong>in</strong></span> <span class='ocrx_word' id='word_1_139' title='bbox 1441 2823 1540 2896; x_wconf 93' lang='lat' dir='ltr'><strong>volu·</strong></span> 
     </span>
     <span class='ocr_line' id='line_1_18' title="bbox 151 2964 1539 3066; baseline -0.003 -27"><span class='ocrx_word' id='word_1_140' title='bbox 151 2968 244 3040; x_wconf 88' lang='lat' dir='ltr'><strong>rnine</strong></span> <span class='ocrx_word' id='word_1_141' title='bbox 272 2966 372 3063; x_wconf 91' lang='lat' dir='ltr'><strong>quod</strong></span> <span class='ocrx_word' id='word_1_142' title='bbox 399 2969 445 3040; x_wconf 87' lang='lat' dir='ltr'><strong>ab</strong></span> <span class='ocrx_word' id='word_1_143' title='bbox 476 2993 519 3040; x_wconf 92' lang='lat' dir='ltr'><strong>eo</strong></span> <span class='ocrx_word' id='word_1_144' title='bbox 554 2981 632 3042; x_wconf 91' lang='lat' dir='ltr'><strong>erat</strong></span> <span class='ocrx_word' id='word_1_145' title='bbox 664 2971 874 3066; x_wconf 91' lang='lat' dir='ltr'><strong>proximum</strong></span> <span class='ocrx_word' id='word_1_146' title='bbox 910 2969 957 3042; x_wconf 90' lang='lat' dir='ltr'><strong>ad</strong></span> <span class='ocrx_word' id='word_1_147' title='bbox 991 2965 1303 3042; x_wconf 90' lang='lat' dir='ltr'><strong>conlaborantium</strong></span> <span class='ocrx_word' id='word_1_148' title='bbox 1334 2964 1539 3036; x_wconf 88' lang='lat' dir='ltr'><strong>tentamina.</strong></span> 
     </span>
     <span class='ocr_line' id='line_1_19' title="bbox 153 3103 1541 3202; baseline 0.002 -28"><span class='ocrx_word' id='word_1_149' title='bbox 153 3103 226 3176; x_wconf 90' lang='lat' dir='ltr'><strong>Nec</strong></span> <span class='ocrx_word' id='word_1_150' title='bbox 244 3104 411 3176; x_wconf 89' lang='lat' dir='ltr'><strong>utilitatis</strong></span> <span class='ocrx_word' id='word_1_151' title='bbox 428 3127 559 3201; x_wconf 87' lang='lat' dir='ltr'><strong>expers</strong></span> <span class='ocrx_word' id='word_1_152' title='bbox 582 3116 639 3178; x_wconf 90' lang='lat' dir='ltr'><strong>est</strong></span> <span class='ocrx_word' id='word_1_153' title='bbox 660 3104 739 3178; x_wconf 89' lang='lat' dir='ltr'><strong>haec</strong></span> <span class='ocrx_word' id='word_1_154' title='bbox 759 3107 870 3178; x_wconf 89' lang='lat' dir='ltr'><strong>ratio:</strong></span> <span class='ocrx_word' id='word_1_155' title='bbox 899 3107 1033 3202; x_wconf 87' lang='lat' dir='ltr'><strong>quippe</strong></span> <span class='ocrx_word' id='word_1_156' title='bbox 1052 3105 1264 3202; x_wconf 86' lang='lat' dir='ltr'><strong>saepiuscule</strong></span> <span class='ocrx_word' id='word_1_157' title='bbox 1282 3104 1414 3178; x_wconf 91' lang='lat' dir='ltr'><strong>accidit</strong></span> <span class='ocrx_word' id='word_1_158' title='bbox 1430 3106 1541 3177; x_wconf 89' lang='lat' dir='ltr'><strong>moni·</strong></span> 
     </span>
     <span class='ocr_line' id='line_1_20' title="bbox 152 3240 1540 3339; baseline -0.001 -24"><span class='ocrx_word' id='word_1_159' title='bbox 152 3257 269 3316; x_wconf 84' lang='lat' dir='ltr'><strong>menta</strong></span> <span class='ocrx_word' id='word_1_160' title='bbox 297 3267 378 3339; x_wconf 83' lang='lat' dir='ltr'><strong>quae</strong></span> <span class='ocrx_word' id='word_1_161' title='bbox 406 3243 464 3314; x_wconf 92' lang='lat' dir='ltr'><strong>vel</strong></span> <span class='ocrx_word' id='word_1_162' title='bbox 490 3241 676 3315; x_wconf 88' lang='lat' dir='ltr'><strong>hebetiore</strong></span> <span class='ocrx_word' id='word_1_163' title='bbox 705 3243 785 3314; x_wconf 92' lang='lat' dir='ltr'><strong>visu</strong></span> <span class='ocrx_word' id='word_1_164' title='bbox 812 3241 959 3337; x_wconf 90' lang='lat' dir='ltr'><strong>quidam</strong></span> <span class='ocrx_word' id='word_1_165' title='bbox 987 3240 1189 3314; x_wconf 85' lang='lat' dir='ltr'><strong>Pocockius</strong></span> <span class='ocrx_word' id='word_1_166' title='bbox 1222 3243 1423 3338; x_wconf 86' lang='lat' dir='ltr'><strong>inspexerit</strong></span> <span class='ocrx_word' id='word_1_167' title='bbox 1449 3241 1540 3314; x_wconf 91' lang='lat' dir='ltr'><strong>adeo</strong></span> 
     </span>
     <span class='ocr_line' id='line_1_21' title="bbox 152 3383 1541 3480; baseline 0 -24"><span class='ocrx_word' id='word_1_168' title='bbox 152 3385 305 3457; x_wconf 88' lang='lat' dir='ltr'><strong>contrita</strong></span> <span class='ocrx_word' id='word_1_169' title='bbox 320 3383 430 3456; x_wconf 84' lang='lat' dir='ltr'><strong>fuisse</strong></span> <span class='ocrx_word' id='word_1_170' title='bbox 448 3384 592 3458; x_wconf 88' lang='lat' dir='ltr'><strong>labente</strong></span> <span class='ocrx_word' id='word_1_171' title='bbox 616 3409 693 3456; x_wconf 89' lang='lat' dir='ltr'><strong>aevo</strong></span> <span class='ocrx_word' id='word_1_172' title='bbox 712 3397 820 3479; x_wconf 85' lang='lat' dir='ltr'><strong>atquc</strong></span> <span class='ocrx_word' id='word_1_173' title='bbox 839 3387 1030 3458; x_wconf 84' lang='lat' dir='ltr'><strong>obscurata</strong></span> <span class='ocrx_word' id='word_1_174' title='bbox 1046 3397 1087 3457; x_wconf 89' lang='lat' dir='ltr'><strong>ut</strong></span> <span class='ocrx_word' id='word_1_175' title='bbox 1104 3385 1237 3459; x_wconf 88' lang='lat' dir='ltr'><strong>frustra</strong></span> <span class='ocrx_word' id='word_1_176' title='bbox 1259 3385 1296 3457; x_wconf 93' lang='lat' dir='ltr'><strong>in</strong></span> <span class='ocrx_word' id='word_1_177' title='bbox 1323 3385 1366 3457; x_wconf 91' lang='lat' dir='ltr'><strong>iis</strong></span> <span class='ocrx_word' id='word_1_178' title='bbox 1386 3395 1541 3480; x_wconf 88' lang='lat' dir='ltr'><strong>pertrac-</strong></span> 
     </span>
     <span class='ocr_line' id='line_1_22' title="bbox 153 3521 1541 3620; baseline 0 -24"><span class='ocrx_word' id='word_1_179' title='bbox 153 3522 268 3596; x_wconf 88' lang='lat' dir='ltr'><strong>tandis</strong></span> <span class='ocrx_word' id='word_1_180' title='bbox 296 3522 457 3594; x_wconf 91' lang='lat' dir='ltr'><strong>laborem</strong></span> <span class='ocrx_word' id='word_1_181' title='bbox 487 3521 714 3617; x_wconf 89' lang='lat' dir='ltr'><strong>impensurus</strong></span> <span class='ocrx_word' id='word_1_182' title='bbox 743 3522 790 3594; x_wconf 92' lang='lat' dir='ltr'><strong>sit</strong></span> <span class='ocrx_word' id='word_1_183' title='bbox 812 3522 931 3616; x_wconf 91' lang='lat' dir='ltr'><strong>quivis</strong></span> <span class='ocrx_word' id='word_1_184' title='bbox 955 3535 997 3595; x_wconf 93' lang='lat' dir='ltr'><strong>ut</strong></span> <span class='ocrx_word' id='word_1_185' title='bbox 1018 3547 1129 3620; x_wconf 86' lang='lat' dir='ltr'><strong>sagax</strong></span> <span class='ocrx_word' id='word_1_186' title='bbox 1150 3524 1196 3595; x_wconf 91' lang='lat' dir='ltr'><strong>sit</strong></span> <span class='ocrx_word' id='word_1_187' title='bbox 1213 3537 1250 3596; x_wconf 91' lang='lat' dir='ltr'><strong>et</strong></span> <span class='ocrx_word' id='word_1_188' title='bbox 1267 3523 1469 3596; x_wconf 91' lang='lat' dir='ltr'><strong>eruditione</strong></span> <span class='ocrx_word' id='word_1_189' title='bbox 1490 3525 1541 3596; x_wconf 92' lang='lat' dir='ltr'><strong>in-</strong></span> 
     </span>
     <span class='ocr_line' id='line_1_23' title="bbox 152 3657 1543 3756; baseline 0.003 -22"><span class='ocrx_word' id='word_1_190' title='bbox 152 3675 317 3736; x_wconf 89' lang='lat' dir='ltr'><strong>structus.</strong></span> <span class='ocrx_word' id='word_1_191' title='bbox 363 3660 460 3752; x_wconf 81' lang='lat' dir='ltr'><strong>Quin</strong></span> <span class='ocrx_word' id='word_1_192' title='bbox 477 3660 584 3732; x_wconf 90' lang='lat' dir='ltr'><strong>etiam</strong></span> <span class='ocrx_word' id='word_1_193' title='bbox 599 3657 738 3732; x_wconf 88' lang='lat' dir='ltr'><strong>accedit</strong></span> <span class='ocrx_word' id='word_1_194' title='bbox 755 3659 853 3756; x_wconf 92' lang='lat' dir='ltr'><strong>quod</strong></span> <span class='ocrx_word' id='word_1_195' title='bbox 871 3663 984 3734; x_wconf 91' lang='lat' dir='ltr'><strong>Poeta</strong></span> <span class='ocrx_word' id='word_1_196' title='bbox 996 3662 1180 3735; x_wconf 91' lang='lat' dir='ltr'><strong>verissime</strong></span> <span class='ocrx_word' id='word_1_197' title='bbox 1198 3663 1338 3749; x_wconf 85' lang='lat' dir='ltr'><strong>cecinit,</strong></span> <span class='ocrx_word' id='word_1_198' title='bbox 1356 3688 1377 3736; x_wconf 93' lang='lat' dir='ltr'><strong>a</strong></span> <span class='ocrx_word' id='word_1_199' title='bbox 1394 3666 1543 3738; x_wconf 89' lang='lat' dir='ltr'><strong>materia</strong></span> 
     </span>
     <span class='ocr_line' id='line_1_24' title="bbox 152 3801 737 3898; baseline -0.012 -19"><span class='ocrx_word' id='word_1_200' title='bbox 152 3819 272 3878; x_wconf 87' lang='lat' dir='ltr'><strong>nostra</strong></span> <span class='ocrx_word' id='word_1_201' title='bbox 288 3827 363 3876; x_wconf 94' lang='lat' dir='ltr'><strong>non</strong></span> <span class='ocrx_word' id='word_1_202' title='bbox 380 3826 526 3898; x_wconf 90' lang='lat' dir='ltr'><strong>prorsus</strong></span> <span class='ocrx_word' id='word_1_203' title='bbox 543 3801 737 3873; x_wconf 87' lang='lat' dir='ltr'><strong>abludens:</strong></span> 
     </span>
    </p>
   </div>
   <div class='ocr_carea' id='block_1_5' title="bbox 445 3955 1213 4152">
    <p class='ocr_par' dir='ltr' id='par_1_6' title="bbox 445 3955 1213 4152">
     <span class='ocr_line' id='line_1_25' title="bbox 453 3955 1213 4046; baseline 0.001 -22"><span class='ocrx_word' id='word_1_204' title='bbox 453 3957 518 4026; x_wconf 77' lang='grc' dir='ltr'><strong>Σῦν</strong></span> <span class='ocrx_word' id='word_1_205' title='bbox 528 3987 560 4024; x_wconf 82' lang='lat' dir='ltr'><strong>rs</strong></span> <span class='ocrx_word' id='word_1_206' title='bbox 575 3955 622 4024; x_wconf 76' lang='grc' dir='ltr'><strong>δύ’</strong></span> <span class='ocrx_word' id='word_1_207' title='bbox 634 3958 795 4046; x_wconf 73' lang='grc' dir='ltr'>ἐρχομένω</span> <span class='ocrx_word' id='word_1_208' title='bbox 811 3964 861 4026; x_wconf 77' lang='grc' dir='ltr'><strong>καί</strong></span> <span class='ocrx_word' id='word_1_209' title='bbox 875 3986 906 4025; x_wconf 83' lang='grc' dir='ltr'><strong>τε</strong></span> <span class='ocrx_word' id='word_1_210' title='bbox 921 3957 985 4045; x_wconf 78' lang='grc' dir='ltr'><strong>πρδ</strong></span> <span class='ocrx_word' id='word_1_211' title='bbox 1000 3963 1018 4024; x_wconf 88' lang='grc' dir='ltr'>ὁ</span> <span class='ocrx_word' id='word_1_212' title='bbox 1033 3965 1089 4024; x_wconf 80' lang='grc' dir='ltr'><strong>τοῦ</strong></span> <span class='ocrx_word' id='word_1_213' title='bbox 1104 3959 1213 4035; x_wconf 79' lang='grc' dir='ltr'>ἐνόησε</span> 
     </span>
     <span class='ocr_line' id='line_1_26' title="bbox 445 4063 764 4152; baseline -0.003 -22"><span class='ocrx_word' id='word_1_214' title='bbox 445 4064 582 4140; x_wconf 82' lang='grc' dir='ltr'>’Όππως</span> <span class='ocrx_word' id='word_1_215' title='bbox 597 4063 705 4152; x_wconf 74' lang='grc' dir='ltr'>κέρδος</span> <span class='ocrx_word' id='word_1_216' title='bbox 721 4065 764 4152; x_wconf 73' lang='grc' dir='ltr'><strong>ἔῃ.</strong></span> 
     </span>
    </p>
   </div>
   <div class='ocr_carea' id='block_1_6' title="bbox 224 4230 1540 4334">
    <p class='ocr_par' dir='ltr' id='par_1_7' title="bbox 224 4230 1540 4334">
     <span class='ocr_line' id='line_1_27' title="bbox 224 4230 1540 4334; baseline 0.002 -27"><span class='ocrx_word' id='word_1_217' title='bbox 224 4231 409 4308; x_wconf 87' lang='lat' dir='ltr'><strong>Elucescit</strong></span> <span class='ocrx_word' id='word_1_218' title='bbox 422 4230 491 4303; x_wconf 89' lang='lat' dir='ltr'><strong>hoc</strong></span> <span class='ocrx_word' id='word_1_219' title='bbox 504 4231 661 4304; x_wconf 85' lang='lat' dir='ltr'><strong>maxime</strong></span> <span class='ocrx_word' id='word_1_220' title='bbox 683 4255 732 4304; x_wconf 89' lang='lat' dir='ltr'><strong>ex</strong></span> <span class='ocrx_word' id='word_1_221' title='bbox 749 4230 951 4330; x_wconf 69' lang='lat' dir='ltr'><strong>Ephesium,</strong></span> <span class='ocrx_word' id='word_1_222' title='bbox 973 4232 1166 4325; x_wconf 85' lang='lat' dir='ltr'><strong>Sardianis,</strong></span> <span class='ocrx_word' id='word_1_223' title='bbox 1187 4235 1430 4334; x_wconf 84' lang='lat' dir='ltr'><strong>Thyatirenis,</strong></span> <span class='ocrx_word' id='word_1_224' title='bbox 1458 4240 1540 4312; x_wconf 90' lang='lat' dir='ltr'><strong>Per-</strong></span> 
     </span>
    </p>
   </div>
   <div class='ocr_carea' id='block_1_7' title="bbox 0 0 2006 5242">
    <p class='ocr_par' dir='ltr' id='par_1_8' title="bbox 0 0 2006 5242">
     <span class='ocr_line' id='line_1_28' title="bbox 0 0 2006 5242; baseline 0 0"><span class='ocrx_word' id='word_1_225' title='bbox 0 0 2006 5242; x_wconf 95' lang='lat' dir='ltr'><strong> </strong></span> 
     </span>
    </p>
   </div>
  </div>
 </body>
</html>
