3994 5242
459 505 498 567 32
894 493 1246 564 INSCRIPTIONES
1269 494 1460 560 GRAECAE.
1586 495 1706 584 [mssa.
1721 515 1847 561 ccurx.

459 691 735 794 Σωματοθήκην
755 687 1031 772 κατεσκεύασεν
1049 685 1339 796 Ἐπαφρόδιτος,
1359 687 1548 788 Φελλίτης
1567 691 1628 767 καὶ
1646 685 1844 792 Ἀπεῤῥαΐ-

459 849 536 926 της·
556 827 668 905 τοῦτο
689 821 729 903 δὲ
754 858 797 904 το
821 827 948 924 μνῆμα
969 819 1159 923 ἐωνήσατο
1187 817 1274 925 παρ’
1302 817 1486 920 Ἀλκίμου
1508 821 1730 918 Φιλωνίδου,
1750 825 1847 900 Φελ-

459 959 568 1038 λίτου
583 959 643 1036 καὶ
660 953 967 1062 Ἀντιφελλίτου,
979 957 1096 1062 ἑαυτῷ
1111 956 1172 1035 καὶ
1184 957 1330 1058 γυναικὶ
1342 955 1455 1034 αὐτοῦ
1472 953 1643 1060 Αὐρηλία
1662 951 1850 1057 Ἀρσάσει

460 1085 692 1186 Λοσιπόνοο,
723 1086 1035 1194 Ἀντιφελλιτίδι,
1067 1089 1127 1167 καὶ
1159 1085 1299 1170 τέκνοις
1330 1087 1462 1184 αὐτῶν,
1497 1088 1557 1166 καὶ
1589 1089 1703 1190 μητρὶ
1737 1088 1850 1166 αὐτοῦ

460 1218 710 1328 Σωφροσύνη·
733 1218 1073 1323 ε’γκηδενθήσοντοι
1093 1217 1133 1298 δὲ
1153 1221 1212 1299 καὶ
1232 1215 1492 1317 Ἀπολλώνιος
1511 1217 1772 1320 Αὐγοοστίνον
1791 1219 1851 1298 καὶ

461 1354 482 1454 ἡ
502 1349 596 1457 γονὴ
616 1353 730 1433 αὐτοῦ
743 1352 915 1455 Αὐρηλία
926 1348 1058 1430 Avitta
1076 1351 1331 1448 Εὐελπίστον,
1352 1354 1550 1453 Παταρεῖς,
1566 1351 1627 1430 καὶ
1646 1347 1693 1430 τὰ
1710 1347 1852 1430 τούτων

460 1485 581 1566 τέκνα·
612 1483 924 1588 ε’γκηδεοθήσεται
944 1481 985 1564 δὲ
1004 1487 1064 1564 καὶ
1083 1484 1257 1588 Αὐρηλία
1276 1480 1407 1562 Νάννα
1427 1485 1481 1567 δὶς
1502 1479 1715 1566 Πάππωνος
1734 1480 1849 1562 Νικά-

462 1652 583 1724 νορος,
595 1618 655 1697 καὶ
676 1614 730 1701 οἶς
749 1609 796 1695 ἂν
816 1615 869 1696 ἔτι
885 1617 966 1720 σῶς
985 1607 1036 1694 ὢν
1056 1613 1255 1721 ἐπιτρίψω·
1278 1616 1318 1693 ἐν
1336 1611 1377 1693 δὲ
1396 1615 1447 1720 τῷ
1466 1613 1657 1720 ὐποσορίῳ
1677 1615 1850 1716 ε’γκηδεο-

461 1750 643 1852 θήσονται
676 1746 724 1828 τὰ
754 1744 946 1851 θρέμματοί
975 1781 1048 1846 μον
1079 1745 1139 1826 καὶ
1168 1743 1314 1846 Ἀμμέα
1346 1746 1503 1825 Θαλεία·
1539 1747 1560 1824 ὁ
1587 1743 1618 1824 δ’
1643 1751 1694 1831 είς
1729 1743 1854 1851 τάφον

1090 1913 1124 1958 κ.
1144 1913 1178 1958 τ.
1199 1889 1237 1957 λ.

537 2087 682 2162 Titulus
710 2085 918 2184 sepulcralis
948 2083 1109 2157 indidem
1140 2083 1353 2181 descriptus.
1408 2082 1637 2180 sandapilam
1665 2097 1854 2181 paraverat

461 2207 732 2306 Epaphroditus
750 2230 900 2302 eamque
918 2218 1088 2303 posuerat
1100 2206 1138 2278 in
1153 2205 1319 2303 sepulcro
1333 2205 1432 2302 quod
1443 2206 1625 2302 emptione
1639 2207 1854 2300 quaesiverat

462 2327 656 2425 aquodam
676 2327 823 2400 Alcimo
849 2327 887 2400 in
913 2351 1017 2400 suum
1044 2351 1150 2400 usum
1167 2325 1403 2425 conjugisque
1422 2327 1577 2409 Amasis,
1594 2339 1854 2424 prognatorum

461 2474 510 2522 ex
534 2449 588 2534 iis,
606 2448 801 2543 matrisque
818 2447 896 2542 ejus
916 2445 1165 2544 Euphrosynae
1184 2445 1262 2544 (vel
1285 2445 1557 2544 Sophrosynen).
1610 2447 1706 2520 Dein
1729 2472 1854 2522 conce·

461 2568 560 2642 ditur
585 2567 812 2641 ususfructus
831 2565 1029 2662 Apollonio
1055 2577 1093 2638 et
1118 2565 1228 2638 uxori
1252 2566 1330 2660 ejus
1348 2565 1485 2638 Laddae
1506 2565 1646 2655 (Lada,
1670 2568 1852 2667 Nannael)

462 2711 659 2783 eorumque
686 2686 831 2760 liberis:
864 2708 973 2782 porro
1000 2683 1143 2757 feminae
1170 2683 1314 2757 cuidam
1344 2685 1483 2758 Nannae
1512 2699 1550 2760 et
1576 2687 1854 2785 quibuscunque

461 2810 538 2907 ipse
556 2807 674 2895 adhuc
692 2821 872 2906 superstes
890 2805 1064 2880 statuerit.
1117 2806 1364 2904 Hyposcrium
1382 2806 1583 2880 destinatur
1604 2807 1758 2881 alumnis
1775 2811 1855 2905 ejus

462 2942 500 3004 et
516 2930 682 3003 Ammeae
700 2925 911 3027 (Thaliael).

538 3048 751 3146 Sepulcrum
780 3049 877 3122 unde
910 3049 989 3124 haec
1016 3048 1298 3124 desumebantur
1332 3049 1368 3122 in
1403 3074 1492 3147 rupe
1527 3061 1742 3123 excavatum
1775 3057 1854 3138 est,

461 3169 583 3266 portui
608 3180 646 3241 et
670 3169 817 3241 marinis
842 3167 987 3242 flatibus
1005 3171 1208 3256 obversum,
1226 3193 1300 3264 quo
1316 3167 1452 3242 factum
1470 3183 1582 3243 estut
1605 3170 1735 3244 litteroe
1753 3195 1855 3268 paene

463 3288 685 3372 evanuerint,
703 3301 933 3386 putrescente
952 3315 1049 3364 saxo.
1102 3291 1245 3364 Idcirco
1262 3291 1301 3363 in
1318 3291 1482 3388 plurimis
1500 3291 1619 3366 adhuc
1635 3291 1764 3366 haereo.

538 3411 680 3484 Nomen
706 3435 757 3507 pr.
784 3410 822 3483 in
846 3436 877 3482 v.
899 3413 931 3485 8.
959 3411 1059 3508 quod
1084 3413 1220 3510 sumpsi
1245 3437 1313 3509 pro
1338 3413 1538 3513 Aupustino
1563 3417 1678 3514 possis
1707 3441 1854 3514 quoque

462 3530 583 3630 legere
594 3537 654 3605 ΑΓ
656 3537 933 3607 ΡΙΠΠΕΙΝοΥ’.
979 3535 1145 3608 Incertus
1158 3560 1238 3608 sum
1248 3535 1337 3632 quid
1351 3561 1471 3610 secum
1484 3537 1607 3612 afferat
1620 3545 1856 3616 ΕΤΕΙΑΠΟΥ

504 3809 516 3843 ¹
529 3802 612 3862 Ocnf.
625 3801 661 3860 dc
673 3801 719 3861 his
728 3803 860 3861 Fellcws.
871 3803 927 3861 vol.
939 3821 958 3860 1.
973 3823 1020 3880 pp.
1033 3805 1100 3869 219.
1112 3823 1133 3861 s.
1183 3801 1315 3878 phellum
1324 3802 1469 3878 quondam
1478 3802 1851 3862 dictumsuisseHabessum.

464 3914 538 3961 ctu
552 3919 600 3976 pp.
617 3901 681 3958 185.
696 3919 717 3957 s
758 3901 910 3960 DePhelli
923 3901 1054 3977 vestigiis
1067 3899 1134 3959 vida
1184 3901 1416 3977 conjunguntur
1443 3901 1487 3958 hm
1523 3903 1612 3960 urbes
1639 3921 1706 3960 curn
1734 3903 1853 3979 Arpelis

465 4016 493 4074 p.
507 3999 571 4054 184.
605 3995 804 4056 Meminerunt
826 4017 944 4075 quoque
968 3997 1080 4074 Sprutt.
1103 4007 1134 4056 et
1184 3996 1357 4077 (Apsrrhis)
1371 4001 1507 4059 inNotit.
1519 4001 1735 4078 Ecclprorinc.
1748 4001 1853 4079 Lyciae.

466 4093 583 4162 Forbes,
610 4091 730 4161 Τνοοοὶς,
754 4103 809 4162 ata,
837 4094 935 4152 voli.
959 4113 1006 4171 pp.
1027 4093 1135 4160 69-72.
1189 4127 1195 4142 ·
1225 4099 1369 4158 'Nomen
1395 4101 1516 4158 obvium
1539 4101 1570 4158 in
1591 4102 1692 4160 Franz
1715 4100 1766 4178 (ex
1787 4102 1852 4160 Fel-

466 4192 563 4252 Adeus
589 4192 733 4269 antiquos,
762 4193 861 4252 Strab.
883 4210 945 4252 xlv.
964 4197 992 4254 ³.
1019 4213 1046 4271 p.
1067 4193 1134 4256 216.
1181 4199 1459 4276 tonaturus&

467 4291 596 4352 Tauchn.
609 4293 687 4351 Plin.
696 4310 725 4352 v.
735 4295 782 4352 28.
797 4296 821 4351 1.
834 4295 930 4370 quiet
944 4293 1036 4353 tradit
1046 4296 1135 4354 Anti·
