3994 5244
471 545 535 609 250
895 531 1250 640 INSORIPTIONES
1273 538 1467 606 GRAEOAE.
1558 539 1683 624 [tusca.
1696 559 1869 606 eccum.

612 733 806 808 Γλῶσσαν
823 727 892 826 μέν
910 762 968 807 τοι
989 723 1109 830 Ράναξ
1128 723 1251 804 ἐδίδου
1268 723 1401 821 πάλαι,
1421 723 1525 804 ἀλλὰ
1543 723 1726 832 ταράξαις

671 858 896 962 Καμβθσαις
916 861 1024 945 ἄθεος
1043 857 1086 941 τό
1105 895 1170 960 μοι
1190 861 1313 941 ἔσωσε
1334 857 1457 945 Ρέπος.

532 999 553 1068 5
611 989 741 1075 Δῶκέν
760 993 819 1074 τοι
837 991 972 1074 ποινὰν
990 999 1041 1074 roi
1061 999 1119 1072 σῶ
1139 993 1315 1072 οἱκτίστω
1334 987 1492 1096 ὀλέθρω,

668 1125 878 1228 Τολμάσας
891 1119 1010 1206 Ἀπιν
1028 1128 1089 1206 καὶ
1108 1122 1175 1206 τὸν
1197 1121 1390 1233 Ἀδελφὸν
1411 1128 1518 1226 ε’λῆν·

610 1259 720 1343 Ἀλλ’
743 1259 815 1364 ἐγώ
837 1261 880 1340 οὐ
900 1257 1092 1359 δοκίμωμι,
1114 1253 1227 1339 σέθεν
1246 1255 1277 1338 τ’
1298 1255 1537 1366 ὀλοφύρομαι
1557 1253 1686 1356 αἶσαν,

666 1391 802 1498 Ψυχὰν
822 1390 852 1471 δ’
874 1387 1076 1486 ἀθανάταν,
1097 1389 1218 1485 ἄθλιε,
1239 1388 1387 1474 σῶσδες
1407 1389 1473 1469 ἔτι.

612 1520 801 1620 Εὐσεβέες
819 1523 893 1628 γὰρ
915 1525 996 1624 ἐμοὶ
1016 1517 1163 1626 γενέται
1183 1515 1231 1602 σέ
1251 1521 1334 1604 ποκ’
1357 1519 1620 1622 ἀσπάσδοντο,

509 1672 554 1742 10
670 1651 893 1752 Βάλβιλλός
912 1652 943 1735 τ’
965 1655 985 1733 ὀ
1007 1650 1132 1760 σοφὸς
1152 1650 1182 1733 κ’
1203 1651 1400 1759 Ἀντίοχος
1419 1651 1588 1760 γεραράς·

614 1788 837 1886 Βάλβιλλος
856 1781 973 1891 γένετ’
996 1790 1036 1868 εἰς
1054 1785 1196 1892 ματρὸς
1215 1787 1443 1890 βασιληΐδος
1455 1783 1616 1890 Ἀκμοις,

668 1929 732 2004 Τῶ
750 1919 911 2027 πατέρος
930 1919 971 2002 δὲ
989 1917 1114 2026 πατὴρ
1133 1920 1330 2026 Ἀντίοχος
1348 1921 1545 2020 βασιλεύς.

615 2055 749 2158 Κήνων
769 2058 809 2136 ἐκ
828 2062 958 2159 γενεᾶς
977 2051 1080 2157 κάγὼ
1098 2050 1219 2159 λόχον
1239 2053 1329 2154 αἷμα
1347 2052 1395 2136 τὸ1
1411 2052 1545 2136 καλόν·

669 2190 894 2286 Βαλβίλλας
915 2187 945 2269 δ’
967 2183 1097 2289 ἐμέθεν
1115 2187 1265 2293 γροπτὰ
1283 2187 1363 2271 τάδ’
1385 2184 1578 2287 εὐσεβέος.

548 2379 740 2476 Descripta
757 2376 919 2451 indidem
938 2375 983 2451 de
1002 2373 1147 2450 sinistro
1165 2400 1280 2461 crure,
1306 2385 1409 2472 parte
1427 2371 1554 2447 media
1607 2375 1768 2448 Balbilla
1786 2377 1864 2474 (vv.

476 2504 506 2572 9.
526 2525 571 2572 se.
591 2512 628 2571 et
645 2522 763 2596 supra,
776 2517 946 2572 cccnxxr.
966 2493 1200 2593 cucuma),
1213 2507 1486 2594 proscynemate
1503 2493 1610 2580 fact0,
1631 2495 1867 2572 Memnonem

473 2633 576 2718 rogat
592 2632 634 2692 ut
651 2617 843 2692 adeuntem
862 2641 938 2690 eam
957 2616 1113 2714 benigne
1132 2615 1298 2714 excipiat.
1350 2615 1447 2690 Dein
1465 2615 1627 2689 vocalem
1652 2617 1823 2712 primitus
1847 2644 1868 2690 a

473 2754 613 2814 rectore
637 2739 834 2814 caelestium
864 2738 999 2812 factum
1028 2737 1211 2836 praedicat,
1235 2764 1333 2812 nunc
1355 2764 1443 2812 vero
1460 2737 1701 2832 dimidiatum,
1720 2739 1868 2814 faculta-

473 2873 620 2956 temque
638 2860 683 2931 ab
700 2858 813 2956 impio
825 2857 1004 2956 Cambyse
1018 2857 1248 2950 exstinctam,
1266 2859 1384 2956 plorat
1404 2855 1468 2956 (cf.
1488 2857 1589 2946 infra,
1608 2865 1866 2956 cacunem),

473 2979 572 3076 quod
599 2990 719 3052 tamen
745 2976 815 3074 ipsi
842 2977 1066 3050 occasionem
1094 2975 1197 3050 dedit
1221 2975 1419 3050 versiculos
1439 2975 1642 3050 condendi:
1674 3001 1750 3050 non
1778 3003 1866 3054 vero

473 3100 631 3174 inultum
648 3099 892 3188 Memnonem,
910 3119 1024 3190 quum
1050 3093 1241 3192 sacrilegas
1259 3120 1386 3168 manus
1411 3095 1522 3169 luerit
1545 3096 1780 3196 postmodum
1798 3099 1866 3172 vic·

473 3234 541 3306 tor,
568 3217 714 3293 vesania
738 3230 937 3315 correptuS,
963 3217 1162 3314 occisisque
1189 3215 1314 3314 Apide
1340 3231 1377 3291 et
1403 3217 1539 3291 Fratre.
1595 3215 1708 3294 Suum
1740 3235 1867 3294 contra

473 3364 631 3414 arnorem
649 3363 735 3438 erga
751 3339 985 3412 Memnonem
1010 3339 1323 3436 reverentiamque
1350 3339 1532 3437 praedicat,
1550 3340 1683 3438 quippe
1711 3365 1750 3414 se
1777 3339 1866 3437 inju-

472 3463 566 3534 riose
601 3474 767 3558 agentem
801 3459 992 3548 exsecrari,
1027 3473 1135 3557 atque
1162 3459 1402 3533 immortalem
1436 3459 1591 3532 animam
1625 3460 1731 3534 etiam
1770 3485 1866 3535 nunc

475 3583 638 3658 membra
663 3580 760 3653 intus
786 3581 983 3678 agitantem
1009 3605 1213 3678 agnoscere,
1231 3593 1269 3653 et
1285 3579 1355 3654 hoc
1374 3579 1457 3677 jure
1474 3579 1618 3678 pietatis
1634 3579 1866 3669 hereditario

476 3725 557 3774 nam
581 3725 618 3773 se
644 3700 894 3797 aparentibus
913 3713 1033 3772 ortum
1052 3694 1212 3792 duxisse,
1226 3699 1383 3772 Balbillo
1400 3709 1439 3773 et
1454 3699 1653 3788 Antioche,
1675 3701 1739 3796 qni
1766 3703 1866 3776 cultu

474 3820 643 3918 religioso
661 3820 891 3891 Memnonem
907 3817 1123 3914 jamdudum
1141 3817 1314 3912 adierant,
1332 3831 1400 3892 etc.

549 3937 676 4012 Edidit
698 3939 737 4010 in
759 3938 885 4036 primis
903 3937 1132 4024 Pocookiusu
1151 3939 1283 4014 deinde
1301 3963 1349 4012 ex
1367 3938 1510 4014 schedis
1530 3939 1697 4014 Saltianis
1715 3941 1867 4016 Letron-

476 4061 569 4154 nius,
586 4083 749 4156 quarum,
776 4083 889 4156 quum
907 4056 1138 4132 Pocockiana
1159 4059 1290 4132 misere
1313 4059 1386 4133 sint
1407 4083 1543 4145 manca,
1560 4061 1865 4158 comparationem

512 4266 523 4298 ¹²
537 4256 599 4314 Ubi
619 4272 715 4331 supra,
734 4255 793 4312 tab.
809 4219 919 4312 τινος.
939 4273 968 4312 n.
993 4255 1037 4313 12.
1078 4255 1145 4314 Loc.
1167 4255 1305 4315 Letronn.
1319 4267 1364 4316 eat
1383 4257 1415 4314 in
1428 4255 1499 4316 Aott
1513 4263 1568 4315 eto.
1582 4257 1638 4316 ubi
1657 4277 1756 4337 supro,
1779 4279 1809 4340 p.
1821 4259 1865 4322 32.

474 4377 503 4414 n.
516 4371 603 4413 xxrv.
617 4355 666 4414 51.
