3994 5242
117 552 217 597 usca.
233 534 480 616 ocoxucocxm]
711 527 949 595 XANTHUS.
1364 545 1366 548 ’
1465 531 1507 596 93

118 727 193 800 dam
217 727 330 800 Patra
358 727 423 821 qui
450 736 488 798 et
512 724 570 824 (T
566 724 772 824 teodotus?)
797 723 992 798 audiverat
1044 717 1413 797 Phaseliotam‘fuisse
1431 748 1506 797 cre-

120 846 288 935 diderim;
328 869 411 918 nam
445 845 483 918 in
517 867 554 918 v.
582 847 614 918 3.
650 844 868 918 describitur
893 857 933 918 ut
961 843 1172 940 alienigena,
1198 843 1381 937 mentione
1413 843 1508 918 facta

119 965 334 1063 Paphiorum
364 964 403 1035 in
435 964 612 1060 proximo.
678 962 854 1061 Supplevi
882 966 1164 1037 ΘΕΙΟΔΟΤΟΣ
1193 963 1300 1035 metri
1332 962 1507 1036 firlciendi

118 1110 227 1160 eausa.
284 1084 345 1160 Sio
362 1095 399 1156 et
413 1089 674 1158 ΝΗΡΙΤΙΔΗΣ
690 1083 728 1156 in
746 1108 779 1156 v.
799 1087 833 1157 3.
886 1085 930 1156 In
948 1087 980 1155 2.
999 1083 1195 1180 probabilis
1212 1085 1394 1158 restitutio
1407 1085 1505 1158 vide·

119 1218 170 1280 tur
195 1228 277 1278 esse
294 1209 475 1277 ΔΩΡΩΝ.
527 1205 653 1276 Posito
681 1203 780 1298 qnod
807 1215 924 1278 statua
941 1203 1098 1276 Veneris
1121 1201 1239 1277 fuerat
1268 1205 1346 1276 basi
1368 1205 1504 1297 innixa,

121 1351 239 1402 sensus
256 1325 392 1420 liquet;
418 1323 616 1400 mamitus
640 1349 713 1398 uon
737 1323 871 1424 iadipao
893 1322 1017 1424 quihus
1042 1348 1095 1398 ote
1118 1325 1369 1399 commandere:
1395 1324 1508 1398 instar

118 1445 270 1521 omnium
285 1443 439 1543 estquod
455 1441 630 1518 tutelarem
651 1442 874 1542 Paphiorum
886 1455 1101 1542 representa.
1155 1442 1244 1516 Ideo
1261 1443 1299 1516 in
1317 1443 1387 1518 hoo
1398 1469 1506 1518 versu

122 1571 198 1646 dedi
215 1573 256 1644 in
275 1571 427 1642 minusc.
448 1559 641 1666 ἐρχομένη,
658 1569 732 1643 scil.
752 1558 870 1640 εἰκών.
918 1569 1255 1664 Disjectamembra
1267 1569 1375 1666 primi
1387 1570 1506 1668 legen·

122 1694 210 1766 tibus
226 1703 271 1764 ut
288 1689 480 1787 suppleant
495 1688 674 1785 permitto.

187 1811 347 1886 Nomina
362 1808 494 1884 Patras
511 1833 575 1882 seu
590 1808 738 1896 Patras,
756 1807 886 1896 Patro,
912 1809 951 1884 in
974 1808 1031 1882 his
1058 1810 1233 1883 tractibus
1260 1821 1364 1884 erant
1388 1810 1503 1883 clara:

123 1937 184 2010 vid
212 1938 314 2009 Fasc.
332 1957 371 2007 11.
402 1960 438 2006 n.
458 1955 638 2009 ccxxxur.
666 1941 697 2007 l.
759 1935 805 2006 In
830 1935 967 2007 ultimis
993 1933 1123 2020 haereo,
1142 1925 1340 2028 Φειδιακήν
1358 1924 1505 2033 χάριτα.

123 2063 198 2137 Hoc
216 2060 444 2158 interpretari
461 2058 576 2155 possis
594 2047 830 2157 κομψότητα,
850 2044 1006 2148 κάλλος,
1030 2071 1070 2133 ut
1095 2059 1146 2131 ita
1170 2059 1415 2156 intelligamus
1441 2070 1507 2132 sta-

123 2201 214 2262 tuam
240 2189 460 2262 elaboratam
487 2208 530 2256 ea
547 2194 736 2257 venustate
764 2195 801 2257 et
828 2196 904 2257 arte
933 2185 1078 2280 qualem
1107 2185 1146 2258 in
1173 2185 1247 2257 suis
1274 2184 1507 2259 conficiendis

124 2309 331 2383 adhibuerat
360 2305 522 2402 sculptor
549 2303 795 2378 Atheniensis.
849 2302 989 2376 Inesset
1014 2303 1083 2376 hac
1111 2302 1250 2376 ratione
1277 2304 1506 2401 metonymia.

124 2434 259 2508 Nostra
275 2456 386 2530 porro
402 2429 622 2523 conjectura
640 2425 850 2521 scriptorem
868 2421 929 2496 hic
945 2422 1047 2517 loqui
1064 2421 1110 2495 de
1129 2422 1231 2519 signo
1246 2423 1412 2509 Veneris,
1430 2422 1508 2495 deae

126 2553 272 2652 Paphiae,
290 2549 581 2651 probabilitatem
610 2543 721 2636 addit,
750 2542 850 2640 quod
877 2541 1067 2616 tradiderit
1087 2539 1242 2615 Plinius‘
1261 2543 1442 2616 exstitisse
1470 2544 1508 2616 in

124 2676 258 2769 porticu
271 2671 434 2750 Octaviae
445 2668 516 2741 tale
528 2666 663 2764 abipso
677 2663 808 2737 Phidia
821 2664 1014 2761 sculptum.
1048 2663 1189 2736 Verum
1210 2663 1368 2736 scrihere
1385 2687 1509 2760 possu-

126 2823 198 2872 mus
226 2811 262 2872 et
286 2783 445 2893 Χάριτα,
475 2794 512 2868 h.
530 2819 560 2868 e.
591 2792 822 2866 simulacrum
851 2791 959 2864 unius
990 2789 1199 2865 Gratiarum
1226 2801 1301 2862 arte
1331 2787 1507 2862 Phidiaca

126 2933 341 2994 exornatum.
407 2918 564 2992 Veneris
599 2914 769 3012 equidem
802 2937 885 2986 oum
921 2911 1057 2987 Gratiis
1092 2909 1291 2984 arctissima
1325 2907 1396 2982 fuit
1429 2931 1509 2980 con·

124 3041 280 3134 jrmctio⁸.

507 3317 777 3396 xnurnus.
831 3319 969 3438 (pus
989 3315 1125 3430 app).

693 3553 885 3632 CCCXII.
913 3577 942 3626 a

246 3761 634 3835 ΣΙΛΕΑΠΤΟΛΕΜΑΙ
712 3759 716 3766 ’
955 3749 1126 3832 Βασιλέα
1141 3749 1393 3846 Πτολεμαῖον,

246 3888 481 3960 hesmona
955 3865 1149 3950 Βασιλέως
1162 3860 1269 3958 Ἰόβα
1288 3857 1380 3956 υἱόν,

275 4008 536 4080 ΤΟΚΟΙΝΟΝ
953 3981 995 4066 τὸ
1012 3978 1163 4062 Κοινόν.

204 4244 216 4286 f
232 4245 516 4304 contusarum.
531 4243 558 4299 4.
569 4245 598 4302 5.

204 4351 217 4390 ⁸
231 4345 306 4403 Plin.
320 4362 421 4403 xxxv.
430 4345 478 4403 to.
492 4340 537 4408 lt.
548 4337 723 4400 Nioaarchas
735 4334 862 4415 (pinxit)
883 4333 1008 4394 Venerem
1021 4330 1090 4388 iato-
1106 4326 1221 4390 &reios
1233 4332 1257 4384 et
1268 4321 1428 4398 Cupidines.

192 4460 308 4507 118010.
324 4461 374 4506 111.
804 4451 826 4495 tt
