3918 5240
99 537 328 623 meseconis]
658 536 892 606 ATHRIBIS.
1410 541 1471 608 155

98 743 129 801 et
142 728 234 826 apud
251 728 448 828 AEgyptios
459 729 616 804 honores
629 730 869 828 amplissimos
880 730 999 805 fuerat
1008 743 1251 829 consequuta'.
1289 731 1473 807 Censendi

97 849 222 922 suntin
238 847 310 924 hoc
326 849 409 923 loco
422 874 500 923 eam
518 873 665 924 ornasse
679 849 857 948 gentilitia
871 852 1047 951 dignitate
1060 865 1102 926 ut
1114 851 1261 927 Liviam
1272 853 1421 926 Ilienses
1435 853 1473 924 in

96 983 216 1054 nostro,
243 970 342 1044 Fue.
357 992 396 1044 11.
415 994 450 1043 n.
465 993 560 1046 ccvr.
575 973 629 1044 11.
681 971 726 1046 In
744 997 777 1043 v.
797 975 832 1045 2.
852 972 945 1046 med.
957 972 1067 1048 habet
1081 973 1301 1048 wilkinson.
1319 979 1474 1048 ΘΕΑΠΕ

97 1095 246 1163 ΓΙΠΗΙ.
275 1089 475 1187 Ablegavit
492 1089 568 1162 sine
586 1114 694 1164 causa
714 1095 723 1162 Ι
743 1091 929 1188 postcript.
949 1093 1123 1165 Letronn.
1155 1093 1199 1164 In
1217 1091 1288 1166 fine
1301 1091 1471 1164 Willrins.

97 1213 319 1294 ΓΛΟΥΓΛΕΙ,
337 1207 481 1282 indiciis
504 1209 654 1282 sincere
682 1208 848 1282 lectionis
876 1211 971 1283 bene
997 1211 1227 1296 conservatis,
1251 1235 1359 1306 quam
1389 1209 1472 1282 ideo

96 1329 241 1402 restituit
270 1328 390 1402 editor
416 1329 494 1424 ejus
522 1329 697 1402 eruditus.
750 1328 898 1414 Galerii,
923 1328 1090 1403 Praefecti
1108 1331 1285 1428 AEgyptii,
1308 1330 1473 1402 meminit

96 1449 245 1524 Plinius'.
298 1450 405 1541 Dein,
419 1449 656 1522 certissimum
685 1459 740 1520 est
764 1452 1009 1534 ΠΡΟΝΑΟΝ,
1027 1448 1257 1522 monentibus
1280 1447 1472 1521 intervallo

95 1583 126 1644 et
140 1571 214 1652 situ
236 1570 439 1669 fragmenti.
490 1567 595 1645 Cons.
612 1567 693 1642 infr.
711 1589 867 1643 ccccxx.
885 1572 918 1640 4.
971 1570 1014 1642 ln
1031 1594 1063 1640 v.
1078 1571 1113 1642 3.
1140 1568 1251 1642 habet
1271 1567 1329 1642 W.
1349 1573 1472 1646 ΠΡΟΕ

95 1697 241 1784 ΤΑΤΗΙ,
259 1690 344 1765 dein
372 1691 440 1764 sub
467 1689 526 1762 fin.
546 1693 795 1764 [[ΒΑΠΟΥ.
858 1689 965 1762 Hanc
992 1691 1296 1786 comparationem
1323 1688 1393 1762 feci
1423 1713 1471 1763 ex

96 1811 175 1886 Tab.
190 1835 240 1886 vr.
255 1838 282 1888 c.
301 1811 421 1909 operis
438 1807 687 1882 Letrcnnisni.

158 1933 213 2006 De
230 1932 379 2006 numine
401 1930 436 2004 T
431 1927 567 2029 ripltide
583 1927 678 2002 conf.
697 1941 769 2001 not.
794 1927 841 2000 ad
858 1927 911 1999 tit.
930 1951 1035 2025 prox.
1054 1953 1087 2000 v.
1101 1930 1136 2000 4.
1190 1929 1332 2002 Nomen
1350 1928 1472 2002 condi·

95 2051 171 2124 toris
188 2049 417 2148 deperditum
444 2059 501 2121 est
525 2048 574 2119 ob
598 2045 792 2120 fracturam
818 2045 947 2142 lapidis
965 2045 1012 2118 ad
1029 2046 1196 2121 dextram
1213 2060 1362 2144 partem,
1389 2073 1471 2143 quae

95 2183 126 2242 et
144 2185 280 2246 ceteros
303 2195 429 2244 versus
449 2169 694 2266 inscriptionis
717 2168 849 2264 injuria
871 2166 1046 2241 affecerat.
1101 2167 1275 2261 Quaedam
1300 2192 1409 2264 porro
1433 2168 1470 2238 in

94 2313 190 2386 opere
216 2292 295 2387 ejus
329 2288 577 2362 laudatissimo
610 2285 656 2360 de
687 2287 850 2384 AEgypto
884 2285 1041 2380 antiquat
1077 2285 1187 2360 habet
1217 2283 1471 2360 Willrinsonus

95 2431 165 2502 quae
192 2410 415 2484 accuratiora
444 2409 670 2504 requirentes
704 2410 829 2482 abesse
857 2407 981 2493 velint,
1009 2406 1129 2503 qualia
1162 2407 1201 2478 in
1233 2405 1359 2503 primis
1387 2419 1472 2478 sunt

95 2527 194 2602 abeo
215 2528 356 2626 prolata
378 2526 424 2600 de
450 2526 552 2602 Julic
573 2525 744 2624 Augusta
768 2525 808 2598 in
824 2551 856 2597 v.
878 2529 908 2598 1.
962 2526 1096 2621 Liquet
1112 2525 1280 2598 nimirum
1299 2549 1347 2598 ex
1365 2524 1471 2598 dictis

95 2669 189 2740 supra
214 2645 275 2720 hic
309 2644 354 2718 de
381 2643 490 2716 Livia
519 2641 681 2716 Drusilla
713 2641 773 2741 agi
802 2665 893 2738 quae,
922 2645 1114 2740 superstite
1140 2645 1269 2718 marito
1296 2645 1375 2740 ejus
1400 2645 1471 2718 Ne-

94 2785 179 2851 rone,
207 2769 378 2864 Augusto
406 2763 524 2851 cessit,
555 2774 593 2836 et
615 2773 698 2860 post
721 2762 953 2860 Imperatoris
982 2779 1144 2850 mortem,
1171 2765 1234 2861 qui
1257 2789 1334 2838 eam
1363 2763 1471 2862 adop

93 2895 219 2962 laverat
246 2887 285 2960 in
312 2899 459 2984 gentem
483 2883 632 2970 lulium,
658 2881 761 2960 Juia
786 2883 952 2984 Augusta
979 2885 1126 2958 audivit.
1177 2888 1267 2960 Erat
1292 2901 1330 2960 et
1359 2887 1471 2961 altera

93 3005 182 3080 dulia
197 3008 377 3106 Augusta,
394 3005 470 3080 filia
488 3005 650 3104 Augusti
672 3031 721 3079 ex
748 3005 945 3092 Scribonia,
968 3007 1178 3102 conjuxque
1204 3007 1321 3104 primo
1340 3009 1471 3106 Agrip

94 3149 148 3220 pc,
164 3127 295 3202 deinde
314 3127 455 3201 'liberii
474 3128 579 3224 Imp..
596 3126 635 3198 in
658 3126 776 3223 primo
793 3127 897 3223 cujus
919 3151 1014 3199 anno
1035 3125 1132 3199 diem
1153 3151 1360 3224 supremum
1379 3129 1469 3202 obiit

93 3243 225 3320 infamis
252 3245 301 3319 ob
322 3245 585 3344 impudicitiam
605 3253 752 3318 notata'.
806 3244 895 3318 Ideo
919 3244 966 3318 sd
992 3243 1086 3318 hanc
1111 3245 1239 3342 nequit
1265 3247 1391 3320 titulus
1417 3273 1470 3320 re-

93 3368 227 3463 spicere,
253 3369 359 3444 aliter
386 3383 507 3442 tamen
535 3378 715 3442 statuente
742 3365 984 3454 Willrinsono,
1016 3367 1079 3463 qui
1112 3365 1246 3440 exinde
1279 3365 1469 3442 historicos

93 3494 161 3568 vult
185 3507 377 3572 correctos.
430 3492 573 3568 Deinde
597 3518 618 3566 a
643 3493 722 3566 viro
747 3491 891 3565 erudito
913 3491 1068 3564 vertitur
1092 3479 1310 3587 προστάτης
1326 3493 1365 3562 in
1382 3517 1414 3562 v.
1434 3497 1467 3566 3.

92 3613 225 3716 Pret'ect,
243 3611 439 3719 Θρίφιδος,
457 3620 505 3717 os
521 3619 578 3694 tlte
604 3615 677 3717 city
701 3620 750 3717 os
768 3617 944 3718 Thospitis,
972 3618 1011 3690 in
1041 3619 1174 3714 quibus
1200 3619 1375 3693 incuriam
1407 3622 1469 3695 du·

125 3823 227 3882 'Confi
239 3822 309 3882 infr.
324 3841 354 3880 n.
366 3837 483 3880 ccccxv.
499 3823 526 3880 3.
547 3819 686 3878 Letronn.
700 3819 748 3877 tit.
798 3821 954 3897 AEpyptum
966 3821 1071 3893 [colim
1092 3822 1121 3878 s'a
1134 3829 1246 3890 tamena,
1261 3829 1291 3879 ut
1307 3821 1437 3881 &larius
1450 3841 1470 3880 a

94 3934 125 3976 ln
137 3939 162 3998 p.
170 3925 217 3982 sl.
238 3919 360 3980 Eclrhal.
375 3937 415 3977 rv.
428 3939 456 3997 p.
467 3921 515 3984 49.
527 3937 553 3976 a·
790 3921 866 3998 srcto
880 3920 984 3979 Sicilire
996 3919 1201 3977 Alcaandricm
1219 3921 1333 3996 septim
1346 3921 1390 3979 die
1403 3940 1468 3997 per-

124 4019 217 4080 ·Vide
230 4037 297 4078 m.
317 4021 341 4076 l.
356 4022 382 4078 3„
396 4018 450 4076 ubi
460 4017 496 4075 de
505 4016 560 4074 lini
569 4015 748 4093 prestantia,
799 4018 906 4087 amad,
921 4017 1049 4076 Racilius
1070 4018 1238 4095 (Balbinus,
1259 4019 1328 4076 infr.
1349 4037 1472 4079 ccccxv.

93 4118 211 4195 exmplo
223 4137 241 4176 s
252 4117 328 4176 velis
340 4117 439 4175 linteis
452 4125 546 4192 capto,
561 4115 696 4173 disserit:
711 4113 749 4172 Ia
798 4120 860 4195 28.)
872 4127 955 4186 amc.
970 4118 1048 4175 amco
1058 4117 1208 4194 profecti?

93 4233 140 4288 qm
158 4235 211 4276 rm
233 4225 353 4276 corun-et
369 4216 431 4273 vste
447 4213 748 4290 potamiodvemirc·
838 4213 942 4272 ‘Confi
957 4214 1066 4272 rol1v.
1080 4233 1127 4290 pp.
1139 4211 1206 4273 265.
1221 4233 1243 4272 s.

93 4313 169 4373 mlum
189 4318 287 4391 nujus,
311 4314 421 4372 tabum
446 4330 500 4371 esee
524 4329 585 4388 quor
606 4311 749 4369 ammom
837 4311 1468 4373 =videruiaanmtraa.ctetzonaram.
