4028 5258
920 526 1273 596 INSCRIPTIONES
1296 526 1489 594 GRAEOAE.
1603 527 1867 614 [rusencnxvrn.

763 714 822 794 Oa
841 710 961 818 πάρος
981 710 1151 812 ἐνναέτην
1171 710 1277 815 ἕρδεν
1297 708 1542 812 ὁμιζομένοιν.

626 861 646 928 5
699 844 829 930 Ἀθλα
846 844 1002 927 ποθεινὰ
1022 850 1151 929 καλοῖς
1172 843 1303 924 ἔπεσιν
1322 840 1394 923 ὑπὸ
1413 849 1512 922 πᾶσι
1531 839 1709 947 δέχεσθαι

754 973 876 1060 Ἔνθα
896 975 1109 1082 Σαραπείην
1129 974 1159 1056 κ’
1181 967 1390 1080 ἐρχομένην
1409 973 1556 1054 ἕπισον.

999 1108 1132 1196 eduae
1152 1107 1206 1191 ἐπ’
1228 1111 1369 1216 ἀγαθῷ,

707 1251 813 1327 Πᾶσι
834 1243 1106 1348 Καταχθονῖοις
1127 1237 1216 1322 ναὸν
1234 1239 1354 1344 μέγαν
1371 1233 1433 1320 ὧδ’
1454 1239 1609 1344 ἀνέθηκε

760 1374 1020 1476 Ἠπιόθολμος
1041 1371 1110 1454 ε’ὧν
1131 1369 1207 1457 vids
1227 1375 1247 1454 ὁ
1268 1377 1517 1452 Φλαουιανοῦ.

560 1655 751 1750 Descripta
777 1651 823 1724 de
849 1650 951 1725 aditu
977 1648 1123 1724 australi
1150 1647 1257 1745 primi
1283 1647 1458 1745 propylaei
1488 1646 1619 1722 aedium
1649 1649 1748 1746 apud
1773 1647 1870 1722 Driad

485 1773 533 1847 El
547 1772 684 1858 Qal’aa.
738 1775 907 1846 Prostant
924 1769 1103 1867 insculpta
1119 1769 1157 1841 in
1175 1767 1265 1841 facie
1283 1767 1362 1863 ejus
1380 1767 1556 1862 orientali,
1575 1769 1702 1842 subter
1726 1769 1869 1869 globum

485 1893 667 1990 aligerum.

559 2019 763 2090 Memorant
776 2027 1003 2090 exstructum
1018 2010 1238 2085 vestibulum
1254 2000 1482 2108 (πρόθυρον)
1501 2011 1632 2087 aedium
1654 2015 1816 2115 Serapidi
1837 2027 1871 2086 et

486 2143 576 2216 Isidi
602 2143 813 2232 dicatarum,
846 2151 955 2236 atque
982 2138 1132 2234 insuper
1156 2149 1271 2233 portae
1305 2135 1497 2234 (πυλῶνος
1554 2139 1651 2236 apud
1677 2139 1870 2239 cynara

485 2286 626 2334 summo
652 2261 837 2334 sacerdote
864 2257 971 2332 Isidis
999 2255 1139 2356 (1-4.)‚
1167 2279 1257 2352 quos
1284 2280 1368 2329 suos
1394 2137 1748 2452 lamrLQamque
1777 2258 1871 2333 Sera-

1532 2378 1587 2476 (5.

485 2383 601 2480 picam
622 2381 806 2480 (Isidoro),
824 2391 866 2453 ut
881 2378 1037 2476 benigne
1056 2375 1242 2474 excipiant
1258 2375 1390 2463 cuncti,
1408 2388 1512 2474 rogat
1626 2377 1668 2472 .).
1721 2379 1793 2472 Qui
1817 2377 1870 2450 ad·

482 2502 571 2597 jecti
597 2515 682 2574 sunt
701 2499 824 2600 (7-9.)
845 2498 1016 2572 videntur
1040 2497 1085 2568 ab
1110 2493 1344 2592 Epiotholmo
1371 2494 1598 2592 profluxisse,
1621 2497 1701 2594 ipso
1726 2497 1869 2572 fortasse

489 2620 694 2696 Sacerdotis
719 2617 805 2708 filio,
824 2617 887 2713 qui
912 2615 1035 2688 sanum
1063 2613 1132 2686 diis
1157 2611 1282 2742 inferis
1308 2612 1454 2687 addicit.
1508 2614 1700 2713 Oonjicere
1719 2619 1803 2693 licet
1818 2641 1870 2714 pa·

487 2755 578 2814 trem
607 2751 787 2812 mortuum
815 2737 926 2810 fuisse
954 2748 1038 2832 post
1065 2759 1175 2833 opera
1201 2747 1356 2832 peracta,
1375 2735 1434 2808 vel
1451 2736 1538 2810 alibi
1563 2753 1823 2815 commoratum
1840 2741 1869 2812 ei

487 2861 643 2934 officium
661 2858 854 2932 dedicandi
872 2857 1084 2955 permisisse.

561 2981 653 3054 Haeo
679 2979 755 3052 sola
775 2991 859 3051 sunt
882 3001 964 3074 quae
981 2973 1165 3049 exaranda
1181 2975 1333 3048 veniunt
1349 2999 1398 3048 ex
1416 2975 1523 3050 titulo
1540 2977 1769 3075 gravissimas
1788 2981 1870 3077 inju-

487 3106 557 3178 rias
579 3127 751 3202 perpesso
776 3127 841 3199 per
866 3113 960 3174 totas
985 3101 1064 3195 ejus
1092 3109 1223 3196 partes,
1249 3097 1476 3194 potissimum
1496 3099 1534 3172 in
1551 3123 1611 3172 vv.
1631 3101 1715 3193 6-9,
1731 3113 1870 3199 propter

486 3220 785 3322 hyperthyridem
811 3219 850 3292 in
875 3218 995 3292 medio
1020 3217 1180 3292 fractam.
1233 3218 1399 3305 Tentavi,
1418 3245 1490 3317 qua
1507 3221 1652 3295 solertia
1667 3225 1781 3322 potui,
1799 3247 1871 3320 sup

486 3344 679 3440 plementa.

563 3460 687 3536 Edidit
706 3461 742 3533 in
761 3458 885 3556 primis
900 3457 1147 3545 Cailliaudius‚
1159 3458 1197 3531 in
1215 3483 1322 3557 opere
1337 3485 1445 3559 supra
1462 3461 1570 3550 dioto,
1584 3464 1656 3537 tob.
1671 3485 1782 3540 xxm.
1793 3463 1869 3538 dein

489 3582 623 3659 Saltius
640 3604 688 3655 ex
706 3579 848 3653 schedis
865 3579 1056 3678 Hydianis‚
1073 3579 1111 3651 in
1129 3579 1259 3656 Diario
1281 3579 1391 3658 Closs.
1410 3581 1522 3658 Lond.
1541 3585 1605 3657 ubi
1622 3609 1739 3682 supra
1783 3585 1871 3663 Utri·

486 3727 603 3799 usque
620 3700 842 3798 exemplaria
859 3723 925 3798 pro
942 3699 1241 3794 inquinatissimis
1259 3699 1426 3775 habenda
1445 3715 1539 3790 sunt,
1558 3704 1649 3778 adeo
1666 3719 1708 3778 ut
1725 3707 1791 3780 vix
1807 3730 1871 3780 una

489 3822 636 3920 quidem
660 3821 768 3893 lectio
785 3829 885 3892 certa
909 3819 1024 3915 possit
1048 3841 1117 3914 ope
1143 3841 1270 3891 eorum
1296 3821 1479 3894 constitui.
1532 3822 1640 3920 Piget
1657 3823 1782 3898 sordes
1800 3848 1871 3922 pro

487 3945 603 4036 ferre;
631 3941 695 4016 sed
712 3941 750 4014 in
767 3940 965 4038 legentium
989 3939 1151 4036 gratim,
1169 3963 1237 4013 nec
1255 3941 1454 4029 minimum,
1471 3955 1514 4016 ut
1529 3944 1742 4042 peritiorum
1761 3945 1872 4020 studia

489 4089 693 4165 provocem,
711 4061 826 4134 oculis
844 4058 1088 4158 subjiciendas
1108 4059 1280 4157 judicavi.

563 4188 607 4259 ln
632 4211 666 4257 v.
685 4188 715 4256 l.
735 4182 847 4256 habet
863 4179 899 4258 G.
918 4188 1672 4262 ΟΝΡΜΥΑΙΕΔΥΡΟΝΔωΜΗΟΑΤΟΤ.
1690 4191 1870 4263 ΕΙΧΕΟΟΙ

489 4310 670 4383 ΕΝΠΟΟ.
723 4303 838 4377 Paulo
862 4303 1002 4382 saniora
1019 4299 1069 4377 H.
1084 4309 1212 4380 θΝΡΑ
1227 4356 1237 4380 .
1252 4310 1637 4382 ΑΙΡΑΥΡΟΝΔωΜΗ
1653 4359 1664 4382 .
1679 4311 1873 4386 ΑΤΟΤΗΧ
