3994 5242
486 495 525 556 n
584 563 587 568 ,
911 487 1262 554 mscsrrmonns
1284 485 1475 554 onnon.
1668 490 1870 568 [mensu.

483 675 660 780 Ἑρμαῖος
680 673 922 780 Εύκρατίδου,
941 669 1197 775 Ὀλυμπηνός,
1218 668 1260 754 τὸ
1280 677 1461 772 μνημεῖον
1480 669 1757 754 κατεσκεύασεν
1777 673 1872 771 ὁμοῦ

484 841 549 908 μοι
568 808 665 915 αύτῷ
685 805 744 886 καὶ
763 807 908 908 γυναικὶ
924 801 1146 910 Καλλιτύχγ
1166 806 1227 884 καὶ
1245 801 1386 887 τέκνοις
1400 805 1461 882 καὶ
1480 801 1649 907 ἐγγόνοις
1663 806 1723 884 καὶ
1744 801 1872 908 νύμφῃ

485 938 607 1044 Νάνῃ,
636 941 681 1045 τῇ
711 941 771 1018 καὶ
789 934 909 1044 Τύχῃ,
938 939 1002 1017 καί
1025 941 1064 1036 μ’
1085 929 1379 1042 ἁναθρεψαμένφ
1396 930 1668 1042 Ὠσφραινέτᾳ,
1688 929 1804 1042 ἑτέριρ
1833 931 1872 1013 δέ

485 1071 647 1169 pudent*
679 1071 710 1146 ei
730 1061 770 1146 δέ
789 1101 844 1150 τις
863 1059 988 1170 ἔτερος
1006 1063 1199 1172 βιάσηται,
1220 1065 1358 1146 ἐκτίσει
1377 1071 1428 1146 roi
1448 1059 1519 1176 θεῷ
1535 1065 1740 1174 Ἡφαίστῳ
1760 1064 1871 1168 oqvi-
1960 1081 1966 1098 ¹

485 1234 549 1304 ρια
575 1196 783 1304 τρισχίλια,
811 1191 863 1278 ὧν
892 1199 912 1277 d
942 1191 1101 1304 ε’λέγξας
1119 1193 1312 1303 λήμψεται
1331 1193 1374 1278 τὸ
1394 1195 1532 1302 τρίτον.
1595 1195 1750 1284 ''Exrdr
1770 1205 1802 1278 εἰ
1820 1195 1871 1299 μή

896 1362 967 1409 τινι
986 1325 1183 1434 ἐγγράφως
1203 1325 1453 1432 συγχωρήσω.

536 1517 767 1616 Descriptum
794 1517 905 1592 hebui
935 1519 981 1592 de
1015 1518 1237 1592 monimento
1263 1517 1454 1615 sepulcrali
1481 1518 1578 1615 opud
1605 1519 1727 1593 sedem
1750 1521 1872 1620 Olym·

485 1662 623 1736 penem.
675 1639 764 1712 Erat
793 1637 955 1711 Hermrei
981 1636 1179 1733 cujusdem,
1200 1634 1266 1708 filii
1287 1635 1502 1732 Eucrstidae,
1520 1637 1726 1736 Olympeni,
1743 1642 1807 1736 qui
1835 1641 1871 1712 in

487 1781 590 1831 snum
618 1781 724 1831 usum
753 1755 965 1830 condiderat
991 1755 1227 1856 conjugisque
1246 1753 1468 1855 callitychcc
1492 1771 1530 1832 et
1555 1772 1733 1849 notorum,
1752 1776 1791 1838 et
1814 1787 1870 1836 ne·

486 1891 621 1975 potum,
639 1901 747 1976 porro
763 1901 876 1951 nurus
894 1879 971 1974 ejus
985 1879 1107 1964 Naum,
1125 1887 1162 1950 et
1180 1875 1426 1976 Osphraenetae
1439 1880 1503 1975 qui
1515 1904 1598 1954 enm
1615 1882 1761 1976 elueret.
1803 1884 1871 1956 Ne

484 2000 573 2072 mini
598 1998 701 2072 alteri
730 1997 836 2070 detur
868 1997 1013 2072 licentia
1046 1995 1244 2096 sepeliendi
1270 1997 1309 2070 in
1338 2022 1382 2071 eo
1410 1999 1478 2072 sub
1507 2025 1613 2098 poene
1645 2003 1772 2076 multae
1802 2003 1870 2076 deo

485 2119 698 2217 Hephaesto⁰
716 2115 922 2218 (Vulcano)
940 2115 1142 2216 pendendus
1169 2129 1248 2211 etc,
1274 2117 1344 2192 sibi
1371 2143 1458 2194 vero
1485 2135 1667 2196 reservam
1694 2136 1869 2221 potestate

486 2238 727 2314 concedende
739 2238 889 2312 cuilibet
906 2237 1100 2334 sepulturae
1117 2260 1182 2334 per
1199 2237 1447 2336 syngrapham.

561 2360 645 2433 Non
670 2371 790 2434 certus
813 2382 892 2432 sum
918 2359 963 2434 de
983 2359 1128 2434 nomine
1145 2357 1184 2432 in
1201 2384 1236 2432 v.
1256 2361 1289 2432 5.
1309 2359 1373 2434 sed
1390 2373 1480 2460 puto
1497 2385 1555 2436 me
1572 2386 1699 2436 verum
1720 2363 1867 2438 dedisse

487 2481 756 2578 Descripserum
785 2479 939 2577 primum
969 2483 1254 2556 ΩΦΡΑΙΝΕΤΑ
1313 2481 1358 2554 In
1375 2507 1409 2554 v.
1426 2483 1458 2556 6.
1477 2481 1646 2558 notabilis
1664 2495 1720 2556 est
1736 2483 1869 2558 mentio

486 2601 606 2677 cultus
617 2599 786 2675 Vulcani.
822 2599 971 2673 Tractui
988 2599 1168 2688 convenit,
1181 2612 1223 2674 ut
1239 2600 1355 2698 liquet
1372 2626 1420 2676 ex
1436 2600 1552 2676 notul
1568 2627 1662 2700 supr.
1681 2604 1869 2700 innuitque

486 2727 596 2802 fuisse
614 2725 710 2800 sedes
729 2727 768 2799 in
789 2723 963 2798 honorem
981 2725 1041 2798 dei
1058 2737 1269 2812 exstructae,
1286 2715 1565 2825 ἩφαιστεῖονΡ,
1583 2751 1656 2824 quo
1673 2729 1819 2802 nomine
1835 2739 1871 2802 et

486 2848 586 2946 regio
611 2847 688 2944 ipso
713 2845 922 2943 designetur
945 2844 1122 2920 asenece
1145 2845 1183 2918 in
1208 2845 1290 2920 loco
1317 2869 1424 2942 supra
1448 2851 1672 2920 memoratol.
1724 2849 1770 2922 In
1789 2851 1868 2922 7-8.

489 2971 651 3052 ΕΚΤΟΣ,
669 2975 734 3040 ete.
751 2962 927 3038 habemus
952 2961 1117 3060 quaedom
1142 2962 1255 3036 inetur
1271 2962 1431 3038 codicilli
1456 2961 1589 3052 eddim,
1606 2965 1703 3038 utin
1719 2965 1820 3038 Fuso.
1834 2987 1870 3039 11.

486 3111 521 3159 n.
540 3105 717 3159 ccxxxvi
736 3085 770 3156 5.
926 3089 930 3094 ’

527 3275 542 3305 0
556 3265 634 3324 Vide
647 3283 727 3344 supr.
736 3272 796 3322 not.
807 3281 841 3320 w.
856 3277 1003 3321 nccxcv.
1203 3261 1343 3323 hodierno
1355 3274 1486 3344 tempore
1499 3267 1713 3342 snbjiciuntur:
1733 3269 1771 3328 In
1784 3269 1872 3345 Lycio

526 3369 541 3408 Ρ
556 3365 601 3423 De
613 3362 722 3440 templo
735 3363 767 3420 in
779 3361 834 3420 hoc
847 3370 945 3421 tractu
959 3362 1103 3420 existente
1122 3371 1153 3420 et
1203 3363 1276 3438 rapio
1294 3363 1433 3422 ιιοιίςείνια
1445 3373 1489 3434 est,
1509 3363 1700 3442 Hephoestion
1714 3367 1808 3426 ineoloe
1826 3387 1870 3426 oo·

485 3465 573 3524 etiem
591 3481 671 3522 nunc
683 3461 779 3520 meum
799 3461 962 3520 solicitante
980 3479 1032 3538 per
1044 3459 1152 3520 indicio
1203 3471 1275 3532 cant,
1295 3463 1424 3538 foratum
1446 3464 1574 3539 ρὶιιτιῦιια
1597 3465 1662 3526 locst
1682 3465 1777 3535 ιοίιιαι,
1800 3467 1873 3543 quod

487 3561 691 3640 amplitudinis
714 3561 778 3637 ejus
794 3561 901 3620 veteris
918 3560 1003 3619 ndens
1020 3560 1153 3618 Fellows.
1202 3561 1260 3620 rinc
1278 3559 1334 3618 ullo
1352 3561 1519 3619 ασεαιτιιίιιιιι
1537 3562 1638 3620 domm
1658 3563 1728 3640 {orris
1744 3565 1872 3624 ιἰιιιικιίιικ

487 3664 544 3721 vol.
555 3663 686 3739 tp213.
707 3660 825 3736 conjeci
832 3659 987 3736 aliquunde
994 3657 1049 3716 hoc
1057 3658 1154 3735 ipsum
1203 3657 1333 3716 cucurrit.
1373 3658 1452 3718 Lata
1465 3660 1554 3736 daque
1573 3663 1647 3736 rapio
1661 3672 1697 3722 est
1710 3672 1734 3720 ει
1750 3663 1870 3734 herbida,

486 3759 686 3836 Hephaestiam
704 3757 817 3818 fuisse:
838 3758 905 3834 quis
917 3777 987 3816 vero
1006 3775 1060 3835 pro
1074 3765 1155 3816 certo
1204 3755 1245 3816 nil
1255 3756 1380 3832 flammis
1396 3757 1579 3826 morumne,
1593 3761 1643 3820 sed
1660 3770 1766 3820 tontum
1786 3765 1816 3822 ui
1830 3783 1871 3824 τι·

487 3859 647 3918 cffimaric
1202 3855 1477 3934 τιίιιααςὶααριιιιία
1485 3859 1684 3936 refulgentium.
1723 3861 1871 3922 Nimirum

526 3958 540 3995 ‘¹
556 3954 667 4014 Locum
677 3953 841 4012 exscribere
849 3951 938 4028 juvet
950 3951 1003 4028 qni
1015 3960 1076 4010 tum
1088 3970 1154 4028 grs-
1204 3975 1252 4014 ser
1265 3956 1327 4032 ipse
1340 3955 1478 4016 molens
1490 3958 1644 4036 propagini
1657 3957 1798 4019 herberie
1811 3959 1871 4018 ido-

487 4053 572 4131 phice
594 4051 727 4130 depingit
749 4070 813 4128 qne
839 4050 1052 4128 peregrinantis
1077 4051 1156 4112 visui
1204 4072 1278 4114 neus
1291 4063 1345 4112 est.
