3994 5242
134 524 443 610 moncatum]
712 523 960 592 APERRHAE.
1487 531 1530 594 43

209 715 371 788 Lacunae
387 713 424 786 in
444 711 605 809 zophoro
624 713 796 787 semiruto
821 713 1021 788 identidem
1039 717 1226 791 turbantes
1244 715 1408 790 ordinem
1426 718 1529 791 orati·

134 833 214 905 onis
231 833 432 906 molestiam
450 829 679 906 describendi
696 831 806 930 hujus
823 833 920 906 tituli
937 858 1154 933 magnopere
1172 837 1362 935 augebant.

612 1105 908 1183 conxnvm.
934 1109 959 1182 f.
973 1135 1009 1208 g.
1021 1109 1058 1183 n.

234 1292 256 1366 f.
308 1299 1135 1372 ΑΙΣΑΡΠΗΔΟΝΙΣΛΥΣΑΝΔΡΟΥΑΠΕΡΑΕ

309 1412 1381 1486 ΩΝΙΔΙΤΗΚΑΙΑΡΣΑΣΕΙΜΑΡΚΙΟΥΕΥΤΡΙΒΟΥΚΥΑΝΕ

235 1593 268 1666 g.
311 1573 879 1643 ΤΗΘΥΓΑΤΡΙΑΥΤΗΣΠΛΑΤ

313 1687 1121 1757 ΠΤΟΛΕΜΑΙΩΜΥΡΕΙΚΑΙΠΑΤΑΡΕΙΚΑΙΑ

232 1847 269 1920 h.
313 1852 970 1921 ΠΕΡΑΕΙΤΗΤΩΝΜΕΤΑΥΤΗΣΔΕ

312 1959 922 2050 ΗΥΠΟΚΕΙΣΕΤΑΙΟΘΑψΑΣΚΑ

132 2169 362 2276 Ἑρτιδασή,
382 2173 404 2273 ἡ
425 2174 485 2253 καὶ
505 2171 753 2278 Σαρπηδονίς,
780 2171 1019 2278 Λυσάνδρου,
1050 2172 1301 2280 Ἀπεῤῥαῖτίς,
1329 2171 1530 2254 κατεσκεύ-

136 2305 228 2387 άσεν
260 2315 372 2387 τοῦτο
403 2303 446 2386 τὸ
477 2307 600 2415 ἡρῷον
630 2310 691 2388 καὶ
722 2309 762 2388 ε’ν
792 2309 891 2416 αὐτῷ
930 2305 1203 2409 σωματοθήκην
1241 2309 1352 2414 ἑαυτῇ
1387 2308 1447 2385 καὶ
1485 2308 1531 2411 τῇ

137 2441 293 2542 θυγατρὶ
323 2439 435 2538 αὐτῆς·
465 2440 692 2536 Πλατωνίδι,
727 2441 773 2544 τῇ
805 2441 866 2518 καὶ
892 2435 1094 2542 Ἀρσιίσει,
1126 2437 1301 2541 Μαρκίου
1330 2437 1531 2541 Ευτρίβου,

138 2573 338 2668 Κυανίτου,
359 2573 420 2651 καὶ
438 2574 546 2677 ἀνδρὶ
565 2573 677 2672 αὐτῆς
695 2572 857 2679 Τιβερίῳ
873 2571 1050 2680 Κλαυδίῳ
1071 2571 1307 2678 Πτολεμαίῳ,
1329 2575 1456 2674 Μυρεῖ
1471 2569 1532 2650 καὶ

139 2707 309 2810 Παταρεῖ
325 2706 386 2784 καὶ
404 2703 645 2812 Ἀπεῤῥαΐτῃ,
666 2711 739 2785 τῶν
763 2703 840 2806 μετ’
862 2705 975 2805 αὐτῆς
1004 2703 1210 2804 δεδομένων
1238 2707 1473 2806 συγγραφῶν
1493 2703 1532 2779 ἐν

137 2840 212 2918 τοῖς
246 2837 421 2940 ἀρχείοις·
455 2837 501 2914 οὐ
526 2833 723 2937 τεθήσεται
754 2834 795 2916 δὲ
827 2839 866 2917 ἐν
896 2833 1011 2942 ταύτῃ
1042 2839 1088 2942 τῇ
1126 2833 1378 2940 σωματοθήκῃ
1409 2833 1531 2918 ἄλλος

331 2967 463 3064 οὐδείς,
482 2963 506 3068 ἢ
527 2969 765 3050 ὑποκείσεται
785 2969 805 3049 ὁ
826 2963 952 3075 θάψας
972 2965 1230 3072 καταχθονίοις
1250 2971 1359 3052 θεοῖς.

212 3228 429 3302 Declaratur
450 3229 651 3302 exstinctio
669 3228 784 3302 Heroi
812 3239 849 3301 et
870 3228 909 3300 in
930 3225 1024 3300 illud
1046 3226 1266 3300 intromissio
1284 3227 1396 3300 loculi
1418 3228 1533 3324 sepul-

138 3345 242 3418 cralis
270 3346 310 3418 in
337 3371 444 3420 usum
471 3345 682 3421 conditricis
703 3345 928 3444 Herpidasae,
958 3343 1042 3417 filiae
1069 3345 1158 3441 ejus,
1185 3357 1223 3418 et
1248 3345 1377 3418 mariti.
1432 3345 1530 3420 Vide

137 3487 272 3562 argum·
289 3487 420 3562 Pfaegs·

211 3591 268 3663 De
287 3580 525 3662 ὑποκείσεται
541 3589 580 3661 in
598 3615 634 3661 v.
654 3591 688 3662 6.
707 3588 792 3663 vide
810 3613 907 3689 supr.
927 3611 1104 3666 ccnxxvl.
1120 3588 1170 3664 5?

177 3827 191 3864 ⁸
207 3831 326 3888 Dixeris
333 3830 474 3888 nimirum
482 3849 565 3907 aquo
571 3831 642 3906 jure
652 3831 811 3891 tranium
860 3836 954 3913 βουλῇ.
995 3830 1074 3891 Vide
1088 3832 1167 3890 Fasc.
1179 3849 1208 3890 n
1222 3853 1250 3910 p.
1262 3831 1326 3896 tta.

139 3929 601 3996 ortwinFmrnxvmt.
621 3927 740 4010 τῇτίλιι
759 3933 807 3992 vel
