3994 5244
133 517 240 562 moon.
256 494 352 584 cnm]
743 489 925 558 THEBAE.
1468 491 1530 556 295

208 681 418 758 Ediderunt
444 679 687 758 Hamiltonus¹
711 691 750 754 et
779 679 1010 766 Letronnius,
1036 679 1101 754 ubi
1131 701 1250 776 supra,
1277 675 1339 750 ille
1367 700 1530 750 seorsum

132 805 178 878 ab
204 802 365 876 invicem
395 800 537 876 traditis
568 825 626 873 vv.
659 801 742 874 1-6.
770 811 808 872 et
833 800 942 872 7-10.
995 797 1132 874 Menda
1157 797 1303 872 admisit
1328 797 1366 870 in
1389 799 1422 872 7.
1450 798 1531 872 init.

130 925 525 1014 tocroomomo,
542 931 581 996 et
596 920 635 992 in
650 921 684 994 9.
697 917 759 992 fin.
775 921 1058 992 Paascomts.
1094 915 1296 989 Levissima
1312 927 1397 990 sunt
1416 915 1530 1008 Saltii,

133 1043 211 1118 scil.
231 1043 273 1114 in
291 1043 323 1114 2.
341 1037 404 1112 fin.
418 1041 687 1123 ΘΕΒΜΑΝΙΚ,
703 1035 742 1108 in
761 1039 795 1109 5.
818 1039 996 1130 ΗΟΝ11Α,
1010 1047 1080 1108 etc.
1097 1034 1135 1108 in
1152 1033 1292 1132 penult.
1314 1039 1472 1110 entes.

209 1159 417 1258 Cujusdam
444 1159 608 1236 Petronii
637 1158 798 1234 Secundi
827 1159 992 1232 meminit
1017 1157 1091 1230 Dio
1111 1158 1149 1230 in
1175 1157 1328 1232 narratis
1357 1155 1403 1230 de
1431 1156 1530 1230 oaede

131 1289 376 1364 Domitianim:
423 1279 497 1358 Kal
527 1273 618 1358 αὐτὸ
650 1283 977 1384 (conjurationem)
1008 1278 1094 1358 οὔτε
1131 1277 1154 1376 ἡ
1188 1276 1351 1376 Δομιτία
1382 1278 1405 1376 ἡ
1436 1275 1530 1380 γυνὴ

131 1409 264 1502 αὐτοῦ,
285 1405 370 1486 οὔτε
390 1400 431 1482 δὲ
449 1405 471 1482 ὁ
492 1398 700 1505 Νωρβανὸς
720 1403 741 1482 ὁ
761 1400 924 1506 ἔπαρχος
945 1407 1163 1505 (Praetectus
1188 1409 1377 1508 praetorio)
1409 1402 1488 1483 οὐδ’
1510 1406 1531 1483 ὁ

132 1529 330 1636 σύναρχος
361 1525 571 1631 Πετρώνιος
609 1530 815 1611 Σεκοῦνδος
844 1522 1053 1630 ἠγνόησαν,
1083 1520 1133 1611 ὥς
1161 1561 1205 1628 γε
1243 1526 1305 1606 καί
1341 1525 1530 1629 λέγονται.

132 1662 230 1734 Haec
248 1659 318 1732 sub
334 1655 396 1730 fin.
414 1681 473 1729 cn.
490 1655 533 1728 P.
551 1653 596 1730 C.
616 1655 676 1728 96.
711 1653 874 1747 Quaestio
890 1653 1030 1726 moveri
1047 1655 1162 1750 possit
1174 1679 1219 1727 an
1236 1653 1405 1728 hicidem
1422 1656 1533 1731 fuerit

132 1805 175 1855 ac
201 1781 242 1852 in
265 1791 392 1852 nostro
417 1787 636 1849 memoratus
655 1773 867 1851 Secundus:
897 1774 1025 1848 saltem
1046 1773 1351 1848 necessitudinem
1377 1791 1534 1875 arguunt

132 1901 286 1974 nomina
301 1894 549 1995 congruentia.

211 2027 258 2098 In
284 2047 343 2096 vv.
363 2021 478 2099 Graec.
497 2019 632 2094 dicitur
658 2009 830 2118 φθέγξαο
851 2019 911 2119 (S.
929 2019 1172 2118 ΦΘΕΝΞΑΟ)
1192 2019 1327 2094 eximio
1354 2045 1462 2094 sensu
1487 2022 1532 2095 de

134 2143 346 2220 Memnonis
376 2142 544 2239 eloquio:
572 2139 665 2215 conf.
695 2165 804 2239 supra
832 2163 1061 2218 ccccxxxm.
1080 2145 1114 2214 4.
1133 2151 1235 2214 metr.
1253 2161 1477 2216 cccnxxxrv.
1499 2147 1533 2223 6,

133 2283 241 2342 metr.
271 2287 528 2342 ccccxxxvm.
549 2267 581 2338 6.
600 2277 702 2338 metr.
756 2256 894 2361 Μέρος,
920 2289 1004 2364 pars
1030 2267 1183 2362 alicujus
1209 2269 1272 2354 rei,
1298 2267 1358 2341 hic
1375 2269 1533 2354 dimidia,

134 2409 177 2468 ut
199 2395 240 2467 in
258 2392 425 2468 Juvenal.
444 2391 590 2466 dimidio
615 2400 781 2465 resonant
806 2389 866 2464 noi
890 2389 1079 2466 Memnone
1094 2392 1254 2467 chordae.
1307 2395 1374 2466 Est
1398 2383 1535 2466 λοιπὸν

137 2519 251 2612 σῶμα
267 2519 306 2590 in
323 2538 452 2592 cccxc.
474 2517 505 2590 6.
524 2540 619 2613 supr.
639 2513 738 2612 quod
756 2515 955 2613 excipiunt,
975 2507 1103 2612 Αὐτὰρ
1124 2508 1144 2589 ὅ
1165 2543 1209 2612 γε
1229 2509 1398 2608 στείνων,
1420 2518 1534 2616 κεφα-

135 2642 209 2736 λῆς
229 2636 319 2739 οίτερ
339 2627 486 2734 ἥμενος,
506 2633 614 2736 αὐδᾷ.
653 2643 800 2740 Optime
818 2641 975 2717 illustrat
988 2645 1212 2718 Pausanias⁰t
1233 2639 1294 2716 καὶ
1309 2643 1374 2716 νῦν
1389 2632 1537 2717 ὁπόσον

136 2761 178 2837 ἐκ
206 2758 376 2862 κεφαλῆς
404 2757 441 2839 ές
468 2754 589 2853 μέσον
608 2761 730 2856 σῶμα,
750 2749 798 2858 ἦν
816 2758 1109 2864 ἀπερριμμένον·
1141 2757 1184 2842 τὸ
1205 2759 1247 2840 δέ
1265 2757 1403 2841 λοιπὸν
1422 2759 1534 2864 κάθη-

136 2883 202 2964 ταί
221 2915 262 2962 τε
282 2879 343 2960 καί
362 2877 433 2960 ἀνὰ
451 2886 582 2960 πᾶσαν
600 2881 742 2986 ἡμέραν
761 2881 987 2988 ἀνίσχοντος
1006 2885 1116 2984 ἡλίου
1135 2889 1213 2993 βοᾷ
1240 2921 1274 2966 κ.
1290 2899 1329 2966 λ.
1382 2895 1534 2984 Deinde,

135 3043 168 3090 v.
186 3021 220 3090 2.
240 3010 354 3088 cinric
369 3003 642 3106 νβαλλόμενος
659 3017 823 3090 conferas
834 3017 1043 3091 Homericis
1060 3019 1119 3092 cit.
1132 3043 1227 3116 supr.
1247 3009 1375 3110 ἠέλιος
1386 3012 1536 3117 φαέθων

130 3250 311 3354 Ἒβσλλε
339 3263 461 3358 γαῖαν,
498 3264 669 3360 alibique,
696 3257 849 3363 πρώτην
879 3255 999 3363 χθόνα
1021 3253 1162 3345 Ἥλιος
1193 3261 1361 3366 ἀνίσχων
1389 3257 1537 3368 χρυσέᾳ

136 3381 281 3476 βάλλει
311 3379 443 3487 φλογί.
508 3390 608 3464 Hinc
635 3390 728 3464 radii
752 3381 862 3484 ἡλίου
892 3383 1019 3484 βολαί,
1050 3405 1092 3466 ut
1125 3393 1162 3466 in
1193 3419 1227 3466 v.
1264 3393 1380 3490 ejusd.
1407 3379 1537 3493 Ἑφοις

137 3508 252 3607 ὅμοια
279 3504 478 3613 φλεγέθων
503 3513 641 3602 βολαῖς
669 3506 803 3608 ἁλίου,
821 3541 912 3612 quos
932 3515 1130 3614 Oppianus,
1157 3509 1286 3610 ἠελίου
1314 3506 1536 3614 πυρόεσσαν

179 3761 185 3792 ¹
206 3757 374 3836 AEgyptioc.
383 3757 437 3815 ubi
451 3774 556 3833 supra:
577 3755 621 3814 ed.
633 3755 771 3814 Letronn.
782 3757 812 3812 in
903 3766 915 3798 Ρ
929 3757 1032 3836 Odyss.
1043 3762 1071 3816 ι’.
1080 3757 1146 3823 479.
1161 3757 1197 3816 os.
1206 3762 1240 3815 τ’.
1248 3760 1315 3819 433.
1330 3759 1413 3818 Iliad.
1423 3764 1455 3823 η’.
1467 3763 1534 3820 421.

139 3857 213 3916 Δια.
222 3867 277 3916 etc
290 3875 319 3934 p·
332 3859 376 3914 12.
391 3875 419 3914 n.
430 3871 473 3912 rx.
483 3856 510 3912 8.
713 3913 719 3920 ,
902 3865 914 3897 ‘¹
929 3855 1007 3915 Vide
1014 3856 1138 3934 Supplic.
1149 3853 1217 3917 650.
1229 3876 1250 3916 s.
1260 3857 1395 3916 Dindorf.
1416 3859 1535 3919 Phaet.

180 3969 199 3992 '¹¹
210 3957 289 4016 Hist.
301 3956 421 4014 Roman.
433 3970 504 4012 cvu.
518 3956 562 4013 15.
577 3953 642 4011 init.
856 3953 900 4030 fr.
911 3953 943 4010 in
953 3955 1088 4014 Strabon.
1102 3973 1122 4014 1·
1134 3958 1160 4014 2.
1174 3975 1203 4033 p.
1213 3960 1262 4017 52.
1274 3957 1307 4014 Τ.
1328 3957 1463 4018 Dindorf.
1477 3981 1505 4018 n.
1517 3979 1535 4020 1.

180 4069 193 4093 ¹¹
209 4059 297 4117 Satir.
312 4073 365 4114 xv.
376 4059 404 4116 5.
439 4053 517 4132 Migo.
531 4054 563 4110 in
577 4069 670 4112 cnxv.
685 4055 732 4112 23.
747 4053 812 4111 init.
864 4056 891 4109 2.
906 4072 927 4112 s.

138 4159 208 4216 infr.
220 4157 455 4231 interpretantur
468 4151 587 4229 quidam
600 4154 727 4211 ιηἰπιιπι.
905 4163 913 4185 ¹
927 4151 1068 4211 Phoeniss.
1080 4151 1143 4219 169.
1152 4155 1206 4214 ubi
1214 4155 1250 4214 cf.
1259 4155 1361 4214 Bacca
1373 4159 1439 4216 458.
1458 4157 1536 4217 Vide

181 4267 192 4290 ⁰
207 4253 314 4312 Viden
329 4255 375 4311 42.
388 4255 415 4310 2.
429 4241 478 4309 lin.
864 4271 954 4331 supra
966 4272 994 4310 n.
1005 4269 1112 4312 cccxc.
1127 4257 1155 4318 9.

802 4354 890 4416 art
