3918 5240
484 525 545 590 188
918 525 1271 594 INSCRIPTIONES
1294 527 1486 597 GRAEOAE.
1575 531 1853 620 [neocaesariae.

627 722 648 792 5
699 705 820 820 Ἐδρᾳ
841 715 880 792 ἐν
897 708 1044 820 Ἰσιακᾲ
1065 713 1245 800 Κατίλιος
1265 711 1382 819 ἁγνὸν
1402 716 1509 819 ἔθηκε

764 843 924 950 Γράμμα
941 850 1181 951 Σαραπιακᾶς
1201 851 1309 953 δεῦρο
1328 847 1458 950 μολὼν
1476 847 1624 951 πόλιος,

709 979 781 1058 Kal
800 978 919 1081 με’γαν
939 981 978 1059 ἐν
996 977 1177 1082 μεγάλοις
1195 979 1441 1087 Τοαῤῥάνιον,
1460 982 1581 1090 ἄνδρα
1600 987 1752 1082 δίκαιον,

760 1107 938 1213 Αἰγύττω
957 1107 1083 1195 πάσας
1103 1107 1291 1218 φέρτατον
1309 1109 1486 1214 ἁγεμόνα,

706 1238 837 1349 Στάλᾳ
854 1240 1128 1340 ε’νεστᾶλασεν,
1142 1240 1188 1323 ἵν’
1209 1249 1260 1328 εἰς
1279 1239 1365 1324 τόδε
1384 1241 1488 1326 νόσω
1509 1245 1664 1328 ἔδεθλον

605 1387 649 1458 10
765 1381 846 1461 Πᾶς
867 1379 887 1456 ὃ
906 1373 1035 1478 μολὼν
1055 1379 1151 1486 ὑμνῇ
1170 1375 1238 1460 τὸν
1255 1375 1392 1485 χθονὸς
1413 1377 1640 1478 ὀλβοδόταν,

704 1513 805 1620 Τᾷδε
824 1513 940 1592 Φίλαι
960 1519 1154 1620 φωνεῦντι,
1177 1510 1312 1595 Καλὸν
1330 1513 1445 1618 πέρας
1465 1512 1672 1618 Αἰγύπτοιο

762 1639 889 1742 Ἐμμί,
908 1644 967 1722 καὶ
987 1639 1180 1722 Αἰθιόπων
1198 1649 1268 1746 γᾶς
1287 1643 1391 1748 ὅριον
1410 1643 1552 1731 νεάτας.

485 1839 678 1934 Κατιλίου,
709 1843 776 1917 τοῦ
810 1840 870 1916 καί
898 1833 1120 1942 Νικάνορος,
1151 1847 1219 1920 τοῦ
1253 1838 1473 1946 Νικάνορος.
1530 1833 1668 1925 Ἔτοος
1698 1845 1852 1920 εἰκοστοῦ

538 1972 665 2076 τρίτου
684 1969 891 2072 Καίσαρος,
914 1967 1095 2070 Φαμενὼθ
1120 1965 1322 2080 δωδεκάτῃ,
1344 1975 1404 2054 ε’πί
1423 1973 1567 2054 Νείλου
1585 1979 1805 2076 στρατηγοῦ.

530 2179 722 2274 Descripta
739 2175 784 2250 de
802 2189 903 2273 parte
917 2187 1083 2249 extrema
1099 2177 1286 2276 propylaei,
1305 2179 1550 2254 sinistrorsum
1567 2191 1748 2278 vergente,
1760 2181 1852 2276 juxta

480 2300 636 2374 frontem
654 2296 835 2371 simulacri
851 2293 1074 2392 praegrandis
1091 2295 1183 2392 regii
1201 2295 1332 2390 dequo
1349 2298 1519 2396 respicias
1536 2296 1583 2371 ad
1599 2323 1661 2371 nn.
1675 2317 1849 2373 cccuvna

481 2447 623 2500 cconrx.
650 2422 678 2497 b.
742 2418 905 2503 Catilius,
924 2417 987 2512 qui
1017 2427 1055 2489 et
1076 2415 1236 2491 Nicanor
1260 2415 1410 2504 audivit,
1437 2417 1637 2492 honorifice
1663 2417 1852 2513 adloquitur

480 2549 700 2643 Augustum,
728 2565 836 2636 quern
872 2539 1064 2610 Rectorem
1099 2547 1277 2609 terrarum
1311 2537 1420 2626 orbis,
1447 2539 1581 2613 Jovem
1611 2538 1851 2618 Liberatorem

479 2667 676 2740 Dominum
709 2664 865 2756 Europa
892 2671 930 2731 et
958 2659 1069 2750 Asiae,
1093 2659 1248 2732 Astrum
1279 2659 1390 2733 totius
1421 2659 1583 2754 Graecia,
1613 2659 1853 2757 sospitatorem

480 2799 610 2868 ortum,
636 2778 817 2878 praedicat,
837 2776 1055 2872 subjicitque
1073 2801 1110 2848 se
1136 2775 1174 2848 in
1196 2775 1362 2850 confiniis
1379 2777 1608 2876 AEthiopum
1633 2802 1677 2852 eo
1694 2779 1740 2852 ab
1756 2777 1853 2850 Alex·

480 2901 605 2976 andria
621 2899 833 2998 profectum,
848 2921 987 2971 sacrum
1002 2921 1146 2971 carmen
1164 2897 1201 2970 in
1214 2897 1324 2972 decus
1341 2899 1612 2998 imperatorium
1629 2899 1852 2980 contexuisse,

478 3046 620 3096 necnon
637 3019 864 3093 columellam
880 3019 1060 3092 Turranio
1074 3017 1252 3093 Praefecto
1262 3020 1437 3094 extulisse
1449 3023 1509 3095 cui
1525 3020 1708 3119 inscriptae
1723 3019 1854 3094 fuerunt

478 3141 605 3216 laudes
623 3141 701 3236 ejus
720 3139 768 3210 ob
786 3139 988 3234 AEgyptum
1006 3161 1049 3209 eo
1067 3135 1218 3233 praeside
1240 3150 1392 3211 auctam.
1433 3139 1524 3211 Haec
1538 3137 1728 3236 excipiunt
1743 3159 1853 3210 versus

479 3261 526 3335 <le
541 3261 613 3334 situ
630 3257 872 3357 geographico
887 3256 1089 3330 Philarum:
1111 3256 1205 3346 dein,
1221 3257 1258 3330 in
1271 3259 1433 3332 oratione
1451 3257 1621 3356 pedestri,
1641 3269 1854 3356 apponuntur

479 3385 625 3457 nomina
641 3382 829 3456 condentis
853 3382 1036 3480 patrisque
1060 3383 1148 3479 ejus,
1175 3395 1212 3456 et
1233 3383 1331 3457 tituli
1356 3385 1469 3482 ipsius
1492 3395 1603 3479 aetas¹‚
1621 3409 1702 3482 quae
1719 3396 1792 3459 erat
1805 3405 1853 3454 an.

481 3507 528 3580 U.
543 3503 586 3578 C.
603 3505 685 3580 747.
708 3504 777 3599 (Α.
791 3503 831 3577 C.
847 3502 910 3599 7.),
928 3501 1158 3576 Phamenoth
1176 3503 1266 3576 XII.
1288 3504 1388 3602 (v111.
1409 3504 1462 3578 Id.
1479 3504 1665 3603 Martias.)

555 3622 760 3697 Edidemmt
787 3622 1043 3706 Hamiltonus³‚
1078 3648 1127 3696 ex
1165 3647 1239 3719 quo
1273 3623 1488 3722 schedisque
1524 3625 1697 3702 Gauianis
1731 3619 1854 3697 collatis

480 3748 710 3823 Latronnius.
754 3741 923 3818 Notanda
939 3743 1091 3816 veniunt
1110 3743 1288 3841 praecipue
1303 3767 1401 3841 seqq.
1436 3745 1482 3818 In
1498 3770 1530 3818 v.
1548 3749 1579 3818 1.
1593 3742 1641 3818 H.
1662 3751 1765 3830 ΙΑΝΙ,
1782 3740 1854 3814 dein

519 4007 670 4064 ‘Initium
692 4005 741 4063 hic
765 4005 940 4064 sumendum
961 4026 978 4062 a
1000 4005 1151 4064 neomenia
1200 4005 1290 4080 gessit
1304 4004 1401 4062 AEla'us
1417 4003 1524 4065 Gallus.

485 4107 591 4184 Τίιοῇθι
612 4107 643 4162 in
667 4125 711 4162 an.
734 4104 771 4162 U.
795 4107 826 4165 C.
846 4105 912 4168 724.
962 4104 1043 4164 Cous.
1068 4123 1148 4182 supr.
1239 4103 1440 4181 'Egyptiaca
1452 4123 1481 4180 p.
1492 4105 1540 4162 52.
1562 4101 1645 4161 Loco.
1655 4103 1855 4160 Latronn.sunt

480 4218 540 4267 not
560 4228 585 4265 r.
626 4206 772 4280 Computo
786 4204 915 4263 Romano
934 4205 990 4273 usi,
1008 4205 1148 4262 incidere·
1198 4202 1229 4259 in
1243 4203 1347 4262 Joam.
1362 4205 1408 4262 dea
1421 4203 1489 4263 Sao.
1503 4203 1587 4270 inin,
1605 4197 1854 4268 temnamus.

480 4325 546 4364 mus
559 4306 590 4361 in
604 4323 649 4362 an.
660 4304 727 4366 732.
737 4321 796 4378 quo
807 4313 936 4380 ternpore
946 4303 1148 4380 praefecturam
1199 4302 1244 4361 cf.
1253 4303 1337 4361 Dior.
1349 4301 1534 4362 ChrsaLoucl.
1546 4301 1578 4359 T.
1593 4317 1693 4358 xxxm
1707 4319 1754 4378 pp
1766 4297 1854 4362 raas
