3994 5244
478 519 540 583 232
884 513 1236 583 INSORIPTIONES
1259 513 1453 584 GRAEOAE.
1597 517 1879 598 [macmoeeurx.

477 706 655 802 κωμητῶν
673 703 798 803 παρῆν
820 696 967 805 θεωρός,
978 723 1016 782 et
1032 706 1195 794 reddere,
1209 707 1296 808 ι’]νοιὲι
1313 707 1407 782 enim
1423 705 1626 783 sicanorum
1641 707 1792 806 oeqotiia
1808 709 1876 798 (so.

478 827 687 930 implicitus)
714 830 903 905 adstabom
924 831 1099 922 Haemum
1124 857 1280 928 namque
1307 833 1402 906 siout
1427 824 1573 905 ἀκονιτί
1594 845 1650 906 est
1674 833 1809 934 absque
1830 831 1878 907 la·

479 953 587 1040 baem,
606 955 658 1028 sio
675 965 714 1029 et
731 943 832 1032 κόνις
850 955 943 1028 verti
959 956 1084 1054 possit,
1100 956 1206 1045 labor,
1224 955 1389 1044 molestia,
1415 955 1597 1055 maeotium,
1613 981 1764 1056 prorsus
1780 959 1878 1032 utin

481 1073 622 1150 Celeris
639 1075 753 1173 ipsius
763 1076 959 1150 vernaculo
970 1077 1092 1176 palam
1108 1077 1304 1175 aliquando
1321 1091 1425 1152 sonat
1441 1077 1601 1164 laborare,
1612 1077 1879 1166 comestionem,

479 1201 658 1274 consimili
671 1201 881 1299 metaphora
891 1225 933 1275 ao
945 1201 1064 1295 sudor,
1076 1193 1206 1298 toper-
1260 1204 1356 1278 Vult
1372 1204 1541 1277 nimirum
1561 1202 1693 1297 dicere,
1705 1205 1879 1302 seapub

481 1319 560 1394 licis
578 1320 778 1394 commodis
801 1320 1015 1394 obstrictum
1036 1346 1162 1419 parum
1185 1323 1418 1396 Memnonem
1443 1347 1587 1397 curasse
1607 1336 1649 1396 ut
1672 1323 1878 1397 exaudiret.

480 1441 565 1514 Hoo
582 1465 685 1528 vero,
711 1465 758 1514 ne
777 1439 928 1514 offensio
953 1439 1066 1526 fieret,
1091 1441 1223 1514 leniter
1249 1440 1387 1516 dietum
1418 1443 1457 1516 in
1480 1468 1513 1514 v.
1540 1445 1574 1516 2.
1626 1443 1799 1518 Notabile
1823 1457 1880 1518 est

481 1563 583 1659 quod
609 1589 647 1638 se
675 1565 832 1662 appellat
858 1561 966 1640 Celer
995 1565 1034 1638 in
1060 1591 1092 1638 v.
1111 1569 1146 1638 4.
1173 1555 1336 1663 Ocopdr.
1390 1568 1474 1642 Hoo
1500 1592 1609 1642 sensu
1638 1569 1878 1666 exquisitiore

481 1683 620 1758 dietum
646 1684 874 1770 crediderim,
890 1684 1030 1759 collatis
1048 1711 1136 1760 vero
1153 1711 1236 1784 quse
1262 1687 1309 1760 sd
1334 1712 1463 1786 praegr.
1483 1709 1687 1764 oconxvm.
1709 1689 1765 1762 10.
1784 1687 1877 1760 dixi.

481 1804 663 1879 Nimirum
683 1830 720 1880 se
738 1817 875 1903 spectat
896 1805 1005 1882 Celer
1028 1819 1210 1904 tamquam
1229 1807 1354 1882 divino
1377 1809 1621 1896 observantem,
1648 1809 1774 1906 quales
1798 1833 1878 1881 aevo

480 1929 677 2004 vetustiore
695 1923 836 2027 dempsi,
853 1932 916 2028 qui
934 1932 994 2005 vel
1011 1931 1058 2006 ad
1075 1933 1219 2007 oracula
1235 1933 1457 2008 consulenda
1473 1934 1574 2007 missi
1591 1945 1677 2008 sunt
1693 1933 1754 2007 vel
1770 1932 1878 2007 dona·

480 2047 535 2120 ris
550 2045 722 2121 ferendae
774 2047 895 2122 Probe
907 2047 1196 2146 ideoutramque
1215 2050 1514 2148 significationem
1524 2053 1715 2152 conjungit
1727 2055 1876 2127 Passov.

481 2171 708 2257 Zet-schamem
732 2172 821 2248 auelt
837 2171 1023 2248 latorem
1060 2175 1104 2247 In
1117 2199 1207 2248 voce
1224 2164 1503 2272 προσκυνήσων
1520 2175 1610 2250 latet
1625 2175 1877 2276 Proscffltema,

481 2298 589 2372 toties
606 2298 687 2372 obv.
707 2296 746 2369 in
763 2295 1002 2371 Philensibus.
1054 2298 1099 2370 In
1123 2301 1156 2370 5.
1174 2295 1235 2370 fin.
1255 2296 1389 2372 dieitur
1406 2289 1663 2399 ἐξεφθέγξατο
1681 2302 1777 2376 siout
1794 2305 1876 2379 infr.

483 2444 614 2497 oecon.
628 2424 657 2494 7.
670 2409 843 2521 φθέγξαιο
856 2417 902 2491 Λ.
939 2417 1119 2517 Congruit
1132 2412 1378 2520 φθέγματαὶιι
1392 2445 1619 2500 cochxxrv.
1634 2429 1668 2498 5.
1684 2441 1791 2502 metr.
1834 2433 1878 2504 In

482 2573 518 2620 v.
539 2549 572 2620 6.
591 2546 720 2620 dubito
738 2546 783 2619 de
802 2535 859 2645 ἐφ’
881 2531 917 2616 ἆ.
959 2544 1067 2621 conf.
1086 2546 1240 2620 Platon.r
1255 2536 1342 2618 Ἐπ’
1363 2535 1453 2621 αὐτό
1473 2575 1518 2645 γε
1537 2551 1649 2624 τοῦτο
1668 2543 1877 2652 πάρεσμεν,

481 2657 512 2744 ὦ
531 2663 738 2768 Σώκρατες,
757 2665 805 2748 ὡς
825 2661 1054 2768 ἐπιδείξοντε
1073 2663 1132 2744 καὶ
1153 2659 1363 2770 διδάξοντε,
1379 2662 1443 2745 ἐάν
1457 2700 1512 2751 τις
1532 2666 1644 2773 ἐθέλῃ
1662 2669 1876 2768 μανθάνειν.

483 2794 624 2891 Nempe
647 2819 756 2869 eausa
773 2790 902 2892 finalis
921 2792 1050 2893 (quam
1077 2791 1223 2891 dieunt)
1242 2793 1395 2868 indicari
1412 2795 1559 2870 videtur
1584 2810 1622 2870 et
1648 2821 1775 2873 sensus
1800 2825 1877 2875 esse

481 2910 713 3008 hujusmodi:
741 2911 874 2986 obierat
884 2910 1008 2988 dende
1021 2910 1118 2989 Celer
1133 2912 1184 2986 od
1199 2911 1355 2988 obeundo
1370 2916 1504 3012 nayotio
1521 2939 1671 3012 quorum
1686 2943 1799 2993 eausa
1815 2921 1878 2996 500

524 3199 668 3257 “Ηοοοᾶ
682 3199 727 3257 lit.
742 3199 818 3257 Plin.
831 3201 980 3258 xxxv.40.
997 3202 1042 3258 14.
1076 3198 1155 3258 Gdra
1204 3216 1324 3268 ιιτνοινι,
1339 3197 1387 3256 vel
1398 3197 1672 3274 Leqmusadsaera,
1687 3198 1720 3255 in
1736 3197 1875 3275 OEdert.

480 3299 605 3375 pulveris
617 3307 717 3356 ramum
730 3298 820 3374 (quod
837 3307 934 3356 vorant
951 3297 1067 3368 0000δῆ
1081 3299 1152 3357 aicit.
1208 3299 1271 3356 114.
1296 3295 1362 3355 OEd.
1380 3295 1438 3356 cot
1451 3299 1518 3357 413.
1538 3295 1683 3373 Hippolyt.
1697 3299 1766 3362 792.
1795 3298 1875 3356 mu-

486 3398 595 3456 Oontra
616 3395 707 3465 condi,
728 3395 800 3454 ibid.
841 3395 924 3454 Suid.
937 3393 1056 3462 'Ansam
1074 3397 1153 3472 ιδμ·
1204 3396 1269 3474 oyd.
1293 3412 1323 3454 v.
1341 3393 1386 3455 16.
1406 3414 1428 3454 s.
1441 3395 1491 3454 fin.
1522 3411 1589 3454 vm.
1607 3399 1653 3454 10.
1672 3396 1738 3455 init
1770 3397 1876 3456 AElian.

485 3499 540 3576 364,
554 3507 608 3554 eto.
1211 3495 1244 3555 V.
1258 3495 1298 3553 H.
1312 3511 1355 3554 111.
1369 3498 1417 3554 44.
1445 3494 1612 3555 errollus.
1629 3495 1769 3556 onomaa
1783 3513 1816 3554 ιι.
1829 3499 1877 3556 55.

524 3607 536 3631 ¹¹
551 3596 654 3654 Horat.
668 3593 760 3672 Epist.
777 3612 797 3652 r.
815 3597 839 3652 1.
853 3597 901 3655 51.
927 3593 982 3656 oui
992 3596 1027 3653 eit
1039 3595 1155 3654 mnditia
1206 3595 1342 3652 Ammon.
1357 3593 1402 3652 De
1412 3594 1473 3653 τίοι.
1486 3593 1754 3654 edissertatam
1771 3595 1874 3675 Θωρὰ,

485 3695 573 3754 duco
597 3696 655 3753 rina
676 3693 789 3769 pulvere
803 3693 914 3768 palme.
964 3693 1049 3752 Hane
1070 3701 1156 3752 voest
1205 3693 1279 3750 etin
1293 3711 1361 3751 eum
1371 3692 1539 3751 Animadoo.
1554 3691 1785 3772 Valckensrmp
1796 3697 1873 3760 oea

487 3795 601 3854 Gellius
622 3794 653 3850 in
672 3793 711 3850 N.
726 3792 763 3850 A.
779 3809 808 3851 v.
826 3789 853 3851 6.
868 3792 1061 3868 impulso-eam
1073 3793 1155 3851 aiato-
1206 3789 1318 3850 Duker.
1332 3791 1369 3850 ad
1383 3790 1517 3870 Thucyd.
1532 3810 1614 3869 supr.

485 3898 566 3953 τίοπι.
1244 3900 1256 3934 ‘¹
1271 3891 1500 3950 Handwdrterb.
1514 3899 1568 3950 eto.
1582 3909 1603 3949 1.
1618 3910 1648 3969 p.
1660 3889 1746 3952 1062.
1760 3893 1791 3951 1).

525 3993 595 4052 οοι.
619 3994 719 4051 ωτι...
745 3991 863 4050 Hessos.
887 3992 917 4050 in
943 3993 1015 4068 opp.
1040 4009 1059 4049 ι
1086 3991 1154 4056 ser.
1246 3988 1761 4064 »ειιιοιιιμιιιιιιωιιιιιιι
1770 3989 1873 4050 οισι.
1991 3971 1992 3990 ¹

486 4092 601 4151 AErtet’d.
615 4108 658 4148 lx.
672 4092 740 4150 458.
755 4099 809 4149 eto.
1205 4087 1372 4146 maduit.
1388 4085 1556 4148 Kaiodr’iaei
1570 4088 1667 4168 500ςίοι
1682 4089 1874 4152 neirm'mit
1991 4087 1992 4160 J

526 4185 646 4268 1Θιιιςᾶτ
679 4189 851 4266 simpliciter
882 4197 1015 4264 spectator
1046 4197 1091 4246 est
1122 4187 1154 4246 in
1205 4187 1300 4252 πόλιος
1313 4186 1482 4259 itineres-a.

488 4288 608 4366 omma
620 4289 686 4347 240.
706 4286 845 4346 Prometh.
861 4287 894 4347 V.
908 4289 971 4346 118.
991 4286 1153 4346 Divinare
