4028 5258
171 519 421 607 russanum]
797 517 948 584 LIBYA.
1504 523 1565 591 359

170 712 287 786 tulum
312 721 447 784 movet.
500 707 610 784 Certe
636 707 812 806 descripsi
839 715 997 785 ΕΡΧΟΜ
1025 723 1105 798 etc,
1130 710 1194 784 sed
1220 710 1372 784 inhaeret
1398 721 1435 783 et
1460 711 1565 784 alteri

169 837 305 934 probus
332 859 469 927 sensus,
495 858 604 928 quern
630 832 735 906 facile
761 833 987 907 intellexeris
1013 857 1061 907 ex
1090 833 1318 920 Theocriteo,
1336 826 1396 906 ot
1414 823 1566 928 λέγεται

169 951 239 1035 τὰν
267 949 415 1056 Κύπριν
440 952 460 1030 ὁ
491 947 677 1047 βουκόλος,
709 950 796 1054 ἕρπε
827 947 911 1031 ποτ’
936 943 1055 1048 Ἴδαν,
1081 945 1204 1055 Ἕρπε
1233 948 1317 1032 ποτ’
1348 950 1563 1056 Ἀγχίσανῧ.

168 1081 293 1155 Nolim
317 1080 438 1154 dicere
455 1104 521 1152 nos
539 1078 691 1152 subdole
709 1103 921 1176 expressum
947 1079 1081 1154 habere
1104 1081 1261 1154 aversari
1286 1080 1418 1153 Isidem
1444 1077 1565 1152 alieni·

168 1225 299 1300 genam
316 1200 495 1274 maritum.
550 1199 615 1273 Vs.
637 1203 668 1272 7.
687 1199 878 1298 descripsit
900 1199 937 1277 0.
956 1206 1309 1277 coarctantem
1362 1200 1495 1276 Omisit
1510 1197 1563 1272 H.

169 1335 257 1408 Huc
282 1332 374 1406 conf.
401 1334 503 1405 Fasc.
523 1353 560 1404 11.
577 1355 613 1404 n.
642 1354 756 1406 cxxv.
774 1334 808 1404 4.
829 1357 873 1404 ss.
902 1321 994 1429 ὑπὲρ
1020 1326 1205 1429 σωτηρίας
1230 1333 1297 1405 τοῦ
1321 1323 1425 1404 οἴκου
1449 1325 1564 1404 αὐτοῦ

170 1447 349 1550 θυόμενος
370 1449 525 1550 ἐποίησε
544 1444 612 1528 τὸν
631 1445 768 1552 θρόνον
795 1483 828 1528 κ.
849 1459 887 1528 λ.
940 1457 986 1530 In
1011 1483 1045 1530 v.
1066 1459 1097 1530 8.
1124 1473 1288 1531 extrema
1313 1458 1458 1554 penitus
1486 1480 1565 1528 eva-

169 1590 345 1652 nuerant:
373 1575 627 1650 hemistichum
654 1579 811 1674 primum
838 1575 877 1654 C.
897 1581 1564 1661 ΠΑΟΠΑΟΟΤΗΟΝΟΙΟΙΝΑΟΙΛΜ,

169 1697 221 1770 H.
242 1701 876 1772 ttACtt'ACCXH'ONOtCtNAtd.
896 1702 943 1769 Μ.
987 1697 1079 1772 dure
1096 1696 1158 1770 hic
1174 1695 1299 1770 inseris
1316 1696 1357 1770 fit
1374 1695 1564 1778 dedicatio,

170 1845 326 1918 quorum
343 1843 495 1892 numero
513 1819 770 1892 accensebatur
790 1817 956 1916 Serapis,
969 1819 1187 1915 quandoque
1205 1829 1242 1891 et
1258 1817 1337 1906 lsis,
1353 1842 1435 1915 quae
1452 1817 1490 1888 in
1507 1841 1565 1888 ve·

169 1941 362 2014 tustiorum
381 1938 491 2012 sacris
508 1937 627 2011 fuerat
643 1963 726 2012 cum
740 1937 884 2014 Osiride
902 1939 1108 2012 consociata
1124 1939 1163 2010 in
1180 1937 1370 2014 defunctos
1384 1935 1564 2033 judicium

169 2055 389 2134 exer-censet
442 2059 542 2130 Hinc
568 2083 635 2155 pro
655 2057 788 2133 Cnidio
814 2068 938 2130 nostro
958 2057 1009 2155 (n.
1029 2057 1206 2154 Lxxxrx.)
1234 2056 1387 2152 amplior
1413 2054 1563 2128 fortasse

169 2183 366 2281 explicatio
384 2182 533 2269 eruitur,
552 2182 626 2256 scil.
645 2171 842 2277 Σαράπιδι,
850 2165 981 2270 Ἴσιδι,
1001 2177 1100 2257 θεοῖς
1118 2179 1228 2270 πᾶσι,
1246 2181 1378 2276 quibus
1395 2191 1437 2253 ut
1454 2205 1564 2252 κατα·

168 2301 335 2406 χθονίοις
362 2306 564 2381 censendus
592 2319 647 2382 est
667 2307 910 2406 Apollonides
933 2320 1018 2380 vota
1042 2306 1268 2404 persolvisse,
1293 2307 1427 2404 quippe
1457 2305 1566 2379 morti

169 2444 328 2530 ereptus.
393 2429 449 2506 Of.
469 2443 507 2504 et
529 2454 632 2506 coen.
660 2457 779 2529 supra.
842 2431 1019 2530 Supplevi
1043 2432 1082 2504 in
1107 2444 1200 2505 extr.
1228 2424 1390 2526 ἀνέθηκα
1406 2433 1465 2506 vel
1482 2424 1562 2504 ἀνέ-

170 2556 283 2652 θηκεν
300 2581 348 2630 ex
366 2557 530 2653 ejusdem
547 2582 582 2630 v.
602 2561 637 2630 3.
681 2559 822 2632 Versus
839 2558 988 2630 ultimus
1007 2558 1154 2630 omnino
1171 2556 1388 2654 depravatus
1406 2559 1566 2632 cernitur

169 2679 208 2750 in
231 2677 501 2774 exemplaribus
523 2674 562 2752 C.
582 2687 620 2750 et
635 2675 685 2748 H.
706 2677 782 2750 scil.
803 2682 1563 2753 ΗΠΙΟΟΟΛΝΟΟωΝΥΙΟΟΟΟνΔΛΕΤΙ

173 2809 250 2890 ΜΧ,
269 2815 306 2877 et
324 2807 884 2879 ΗΓΙΙΟΟΟΑΜΟΟωΝΥΙΟΕΟ
900 2856 910 2877 .
926 2807 1015 2878 OV.
1036 2856 1045 2875 .
1065 2809 1140 2877 ΕΜ.
1176 2804 1320 2878 Nomen
1337 2818 1414 2879 erat
1429 2794 1565 2878 Ἠπιό·

171 2925 324 3019 θολμος,
351 2929 389 3000 in
416 2951 489 3024 quo
514 2928 675 3004 fortassis
694 2929 1007 3026 Graecocopticum
1028 2928 1310 3003 existimandum
1333 2943 1389 3004 est
1411 2919 1566 3022 Θόλμος

170 3075 238 3148 pro
265 3048 513 3145 Πτολεμαῖος.
568 3052 672 3128 Conl.
693 3053 1007 3150 supraLibanens.
1035 3057 1306 3128 coemunt.
1346 3054 1564 3142 Secundum,

170 3173 249 3245 scil.
261 3174 389 3260 Patris,
401 3175 545 3272 penitus
557 3174 632 3248 fere
647 3172 857 3247 effluxerat:
877 3173 977 3270 quod
991 3173 1167 3270 supplevi,
1176 3175 1323 3248 minime
1337 3201 1425 3248 vero
1436 3173 1562 3263 fidens,

171 3286 406 3375 Φλαουιανός
423 3300 483 3373 vel
501 3287 729 3387 Φλαβιανόο,
755 3298 902 3373 conficit
925 3310 1199 3396 pentametrum,
1218 3300 1346 3374 saltem
1365 3301 1563 3375 secundum

212 3575 224 3608 l
239 3576 322 3652 Idyd.
338 3595 357 3635 1.
375 3581 440 3639 105.
456 3599 478 3638 s.
893 3581 946 3664 γῖις
960 3583 1042 3642 litter
1053 3581 1111 3642 alvu
1127 3585 1243 3664 Σθμπιι
1258 3580 1271 3648 l
1285 3591 1325 3645 adt
1335 3586 1479 3648 Πλοθτανᾶ
1490 3604 1564 3660 φασι,

211 3675 385 3735 ‘Nimirum
418 3678 496 3755 apud
531 3679 688 3756 AEgyptios
721 3680 844 3748 Plutoni
893 3679 1013 3741 nal’lm
1027 3687 1068 3746 sir
1081 3689 1276 3764 Πιςσθφκσσοιι.
1320 3687 1363 3745 Cf.
1381 3689 1521 3749 Herodot.
1535 3708 1566 3750 11.

171 3773 369 3850 [equiparatus
383 3787 427 3835 ert
448 3778 581 3854 Serapis:
603 3783 634 3843 εἰς
653 3777 844 3860 Ἀλιίιίιδςοαν
898 3781 1040 3843 123.156.
1059 3784 1372 3862 ApuleiiMctamorplt
1386 3789 1555 3866 x1.pp.257

170 3879 297 3948 κομισθθς
313 3877 342 3934 sd
359 3877 421 3953 καί
436 3879 589 3951 Αἶγοπτιόις
604 3876 683 3954 inopen
694 3887 740 3939 τοῦ
753 3879 843 3939 Πλοθ-
894 3902 931 3942 ss.
952 3883 1089 3959 Blpont3
1110 3901 1197 3959 porro
1215 3903 1280 3959 quae
1301 3885 1393 3942 tradit
1412 3887 1475 3962 ipse
1494 3889 1566 3946 Plu«

170 3999 245 4040 vum
273 3977 395 4038 assa„
422 3983 462 4036 τὶι
490 3979 615 4059 trigama.
638 3981 749 4040 Irrita
771 3981 844 4042 Osir.
894 3980 1014 4040 tarchus
1037 3983 1069 4038 in
1092 4001 1116 4039 c.
1137 3998 1248 4040 nxxrx.
1273 3983 1322 4041 fin.
1347 3985 1383 4042 de
1406 3987 1567 4047 arctissima

171 4089 285 4130 xxvrn.
299 4083 366 4150 post
378 4095 416 4134 m.
445 4077 842 4142 contrastantium.
895 4079 1102 4156 conjunctione
1118 4079 1205 4138 Isidis
1225 4101 1293 4139 cum
1308 4083 1424 4143 Osiridc
1443 4085 1474 4144 in
1487 4097 1567 4147 vete-

173 4192 195 4230 s.
208 4181 240 4230 et
253 4181 312 4230 not
322 4193 405 4250 prox.
895 4200 963 4238 rum
991 4180 1147 4258 theogonia
1178 4185 1303 4257 (πλοίῳ
1333 4181 1423 4262 λθγςι).
1466 4181 1566 4247 Addas

211 4271 390 4332 “Plutarch
413 4274 467 4334 ubi
491 4294 589 4352 supra,
609 4292 705 4335 xxvu.
731 4276 780 4336 fin.
806 4279 846 4336 ot
895 4281 1073 4340 Wilkinson.
1088 4300 1117 4339 u
1132 4300 1153 4340 s.
1169 4285 1298 4362 pp.314.
1313 4303 1348 4342 se.

830 4376 920 4438 222
