3994 5242
468 497 509 561 68
874 490 1227 558 INSCRIPTIONES
1248 489 1442 556 GRAECAE.
1583 489 1864 572 [rusumccxcvrr.

466 695 576 757 nostr.
596 681 720 757 Oasen
741 703 913 756 ccccnv.
932 683 1064 754 27-33.
1100 701 1257 755 ccccxv.
1277 681 1335 752 20.
1354 688 1392 749 et
1415 699 1505 773 pass.
1526 675 1572 749 de
1599 701 1707 750 sensu
1732 700 1866 774 conge·

467 833 553 881 nere
571 831 670 880 voco.
688 794 852 901 πράττω,
873 793 1112 899 ἀποπράττω,
1127 792 1337 899 εἴσπραξιο,
1355 815 1420 874 eto.
1440 800 1478 873 in
1495 825 1535 874 re
1554 799 1814 898 vectigalium.

1016 1059 1251 1136 CCXCVII.
1278 1083 1310 1131 e.

517 1240 986 1311 τοΜΝΗΜειοΝκΑτε
1244 1223 1300 1306 Τὸ
1318 1233 1498 1328 μνημεῖον
1519 1217 1625 1306 κατέ-

518 1375 1057 1446 ΟΤΗΟΕΝΑΥΡΗΛΙΟΕΟΟΥ
1246 1399 1393 1466 στησεν
1412 1363 1601 1467 Αὐρήλιος
1622 1368 1715 1442 Σοο-

520 1506 1093 1580 ΡΑοΔιοΑοοΛΛωΝιοΥΜΥ
1245 1503 1314 1600 ρᾶς
1334 1499 1390 1580 δὶς
1408 1493 1684 1592 Ἀπολλωνίου,
1706 1499 1816 1600 Μυρ-

520 1635 982 1706 percurri-rammam
1248 1624 1665 1734 etsaathatyvvat-

521 1765 891 1836 ΚΙΑΥΤΟΥΑΡΟΑΟΙ
1248 1757 1283 1837 xi
1303 1759 1417 1838 αὐτοῦ
1438 1752 1618 1863 Ἀρσάσι.

545 1927 735 2022 Descripta
757 1923 802 1998 de
829 1925 995 2022 sepulcro
1024 1925 1119 1996 inter
1145 1925 1277 1999 rudera
1299 1926 1433 1998 veteris
1463 1922 1602 2022 oppidi‘¹
1626 1925 1784 2021 jacentia
1815 1921 1862 1995 ad

468 2051 582 2148 ripam
617 2047 775 2120 fluminis
804 2045 984 2134 Aadrriki,
1018 2047 1115 2120 cirea
1148 2061 1315 2142 quartum
1351 2045 1557 2118 milliarium
1592 2071 1613 2118 a
1645 2044 1863 2118 monasterio

468 2175 550 2272 Apo
569 2173 699 2248 Natta
722 2163 873 2270 (Ἃγιόο
894 2158 1121 2270 Νικολάου),
1139 2174 1239 2270 quod
1261 2173 1378 2270 ipsum
1406 2173 1513 2245 situm
1540 2184 1594 2244 est
1618 2172 1725 2268 juxta
1741 2172 1861 2244 vicum

469 2295 648 2369 Dembrtlt.
704 2293 811 2368 Sinus
829 2293 889 2366 oui
907 2293 1075 2388 adjacent
1091 2295 1148 2367 hae
1165 2295 1349 2392 parietinae
1368 2305 1472 2365 vetus
1491 2317 1622 2365 nomen
1640 2292 1747 2365 etiam
1765 2313 1862 2364 nunc

468 2416 606 2487 retinet.
660 2415 771 2486 Plura
796 2427 932 2486 restant
949 2414 1111 2487 indidem
1130 2415 1304 2512 sepulcra,
1332 2413 1396 2486 sed
1420 2413 1518 2486 tituli
1535 2435 1638 2509 paene
1656 2437 1782 2485 omnes
1800 2411 1862 2484 du·

468 2537 555 2608 dum
573 2533 793 2608 effluxerunt
810 2534 900 2606 aeris
919 2536 1091 2631 temperie
1110 2535 1229 2609 deleti.

543 2651 782 2725 Meminithic
795 2663 917 2722 noster
930 2651 1138 2725 structionis
1156 2651 1314 2750 sepulcri
1328 2675 1350 2725 a
1362 2650 1455 2727 Sura
1471 2650 1550 2749 (vel
1563 2649 1678 2744 Suro)
1694 2649 1860 2747 quodam,

469 2773 642 2871 Myrensi,
668 2783 799 2868 nepote
814 2768 1014 2865 Apollonii,
1032 2769 1069 2840 in
1089 2795 1191 2843 suum
1211 2795 1316 2842 usum
1334 2770 1573 2866 conjugisque
1591 2769 1744 2842 Arsasis.
1797 2771 1861 2842 Re·

470 2895 535 2967 tuli
561 2892 644 2965 ideo
670 2891 708 2963 in
732 2889 984 2986 sepulcralium
1008 2891 1134 2966 ordine
1164 2894 1259 2967 inter
1276 2893 1471 2992 Myrensia‚
1498 2907 1535 2967 et
1561 2893 1646 2990 quia
1669 2894 1859 2968 inditione

470 3015 574 3086 istius
592 3012 693 3085 urbis
710 3011 848 3108 positus
867 3009 985 3082 suerat
1001 3011 1112 3086 locus.

509 3218 636 3277 ‘Addss
655 3217 752 3274 citatis
772 3217 852 3274 titul.
874 3217 904 3273 in
927 3217 1011 3275 Dior.
1029 3218 1141 3276 classic.
1192 3218 1240 3276 hie
1248 3227 1407 3274 memorato
1419 3215 1512 3282 fluvii,
1528 3217 1580 3292 qui
1594 3217 1656 3292 ipse
1668 3223 1731 3274 erat
1744 3215 1862 3272 sortasse

469 3320 526 3376 vol.
539 3337 570 3376 11.
586 3337 613 3394 p.
621 3316 688 3379 557.
710 3316 811 3372 Frena.
823 3335 851 3371 n.
861 3318 948 3373 4308.
970 3322 1018 3380 Τιῖς
1031 3317 1142 3394 spritus
1191 3317 1360 3385 Andriam,
1384 3324 1420 3374 ut
1443 3315 1527 3372 urbis
1548 3315 1701 3383 foederatae,
1723 3314 1861 3388 Limym.

471 3417 541 3481 oiim
566 3419 637 3474 καὶ
660 3421 706 3474 τοῦ
730 3413 859 3480 θάψαντος
881 3441 906 3472 a.
923 3429 950 3470 λ.
1002 3416 1092 3473 Hunc
1111 3417 1142 3472 in
1192 3418 1302 3476 Portus
1324 3437 1403 3474 nunc
1427 3419 1615 3495 Βμμολίμηοι
1638 3415 1804 3491 appellatur
1826 3415 1861 3471 ob

470 3519 617 3594 plerisque
636 3515 851 3592 imperitissime
866 3516 1004 3574 tractavit
1024 3515 1141 3592 quidam
1192 3524 1385 3572 mercaturam
1399 3513 1621 3571 frumentariam
1634 3513 1677 3570 ibi
1697 3513 1861 3580 exercitam,

472 3619 504 3675 1.
516 3617 550 3674 D.
565 3615 596 3672 in
610 3615 666 3672 vol.
676 3631 704 3672 v.
722 3634 751 3691 p.
762 3617 829 3679 395.
1190 3616 1324 3690 situsque
1337 3623 1382 3672 est
1394 3615 1426 3672 in
1440 3633 1555 3672 recessu
1575 3615 1628 3690 qui
1646 3614 1863 3690 aliquantulum

511 3715 524 3752 ⁶
538 3715 692 3772 Parietinae
713 3715 775 3771 sine
794 3713 884 3771 dubio
898 3723 968 3771 sunt
982 3713 1140 3783 Andriam,
1191 3713 1311 3771 distata
1325 3713 1392 3769 sinu
1412 3713 1475 3788 ipso
1495 3712 1636 3790 Myrensi,
1657 3712 1721 3777 etsi,
1735 3722 1773 3770 ut
1784 3711 1862 3770 vide-

472 3813 557 3888 oujus
570 3814 767 3870 meminerunt
778 3813 903 3888 Appien.
912 3813 942 3868 in
957 3813 990 3869 B.
1004 3813 1035 3870 C.
1045 3829 1084 3870 w.
1095 3815 1141 3871 82.
1191 3821 1252 3880 tur,
1275 3812 1355 3870 intra
1373 3811 1445 3869 fines
1469 3812 1589 3869 ditionis
1611 3830 1676 3888 quae
1699 3811 1863 3888 antiquitus

472 3909 536 3974 init.
555 3907 677 3965 Ptolem.
695 3911 764 3967 v.3.
793 3907 869 3964 Plin.
883 3924 912 3964 v.
934 3911 981 3965 28.
1003 3911 1027 3967 l.
1069 3910 1142 3967 Erat
1191 3911 1346 3989 Myrorum
1361 3911 1458 3968 fuerat
1471 3912 1593 3988 positus.

473 4005 654 4084 Myrensium
677 4005 779 4063 navale
798 4005 909 4082 (istiuas
927 4007 958 4063 in
972 4007 1098 4083 Appian.
1112 4018 1142 4066 et
1232 4009 1387 4078 andriace,
1403 4019 1508 4086 portus
1522 4011 1684 4088 Myrornm,
1698 4018 1821 4068 notatur
1834 4007 1863 4066 in

473 4107 503 4162 in
513 4105 594 4161 Dion.
606 4120 699 4160 xuvu
709 4107 755 4162 34.
765 4102 924 4162 finverum
935 4105 1040 4162 omisso
1050 4107 1141 4163 nomi·
1193 4109 1342 4166 itinerario
1357 4110 1483 4186 Sprettii
1497 4119 1527 4168 et
1540 4111 1657 4168 Forbes.
1669 4129 1759 4187 supra
1772 4109 1864 4170 cited

473 4203 531 4274 ne),
543 4203 666 4278 vestigia
684 4203 770 4277 eujus
789 4211 901 4260 restent
921 4212 951 4260 et
974 4204 1005 4260 in
1027 4206 1143 4264 nomine
1193 4209 1240 4267 tit.
1251 4226 1373 4268 coxeru.
1385 4219 1481 4268 notn.
