<?xml version="1.0" encoding="UTF-8"?>
<!DOCTYPE html PUBLIC "-//W3C//DTD XHTML 1.0 Transitional//EN"
    "http://www.w3.org/TR/xhtml1/DTD/xhtml1-transitional.dtd">
<html xmlns="http://www.w3.org/1999/xhtml" xml:lang="en" lang="en">
 <head>
  <title>
</title>
<meta http-equiv="Content-Type" content="text/html;charset=utf-8" />
  <meta name='ocr-system' content='tesseract 3.04.00' />
  <meta name='ocr-capabilities' content='ocr_page ocr_carea ocr_par ocr_line ocrx_word'/>
</head>
<body>
  <div class='ocr_page' id='page_1' title='image "./fasciculusinscr02kenngoog_0040.png"; bbox 0 0 3994 5242; ppageno 0'>
   <div class='ocr_carea' id='block_1_1' title="bbox 140 503 1534 591">
    <p class='ocr_par' dir='ltr' id='par_1_1' title="bbox 140 503 1534 591">
     <span class='ocr_line' id='line_1_1' title="bbox 140 503 1534 591; baseline 0.006 -25"><span class='ocrx_word' id='word_1_1' title='bbox 140 523 244 568; x_wconf 77' lang='lat' dir='ltr'>asson.</span> <span class='ocrx_word' id='word_1_2' title='bbox 260 510 531 591; x_wconf 68' lang='lat' dir='ltr'>conmccnxx]</span> <span class='ocrx_word' id='word_1_3' title='bbox 681 503 1021 573; x_wconf 86' lang='lat' dir='ltr'>ANTIPHELLUS.</span> <span class='ocrx_word' id='word_1_4' title='bbox 1494 511 1534 574; x_wconf 88' lang='lat'>33</span> 
     </span>
    </p>
   </div>
   <div class='ocr_carea' id='block_1_2' title="bbox 139 687 1534 1156">
    <p class='ocr_par' dir='ltr' id='par_1_2' title="bbox 139 687 1534 1156">
     <span class='ocr_line' id='line_1_2' title="bbox 140 687 1534 794; baseline 0.004 -26"><span class='ocrx_word' id='word_1_5' title='bbox 140 693 239 790; x_wconf 92' lang='lat' dir='ltr'>quod</span> <span class='ocrx_word' id='word_1_6' title='bbox 253 694 429 792; x_wconf 83' lang='lat' dir='ltr'>descripsi</span> <span class='ocrx_word' id='word_1_7' title='bbox 440 695 479 766; x_wconf 90' lang='lat' dir='ltr'>in</span> <span class='ocrx_word' id='word_1_8' title='bbox 492 720 525 768; x_wconf 91' lang='lat' dir='ltr'>v.</span> <span class='ocrx_word' id='word_1_9' title='bbox 541 699 598 772; x_wconf 88' lang='grc'>10.</span> <span class='ocrx_word' id='word_1_10' title='bbox 610 698 687 771; x_wconf 87' lang='lat' dir='ltr'>init.</span> <span class='ocrx_word' id='word_1_11' title='bbox 717 696 869 794; x_wconf 85' lang='lat' dir='ltr'>Conjcci</span> <span class='ocrx_word' id='word_1_12' title='bbox 883 687 1088 790; x_wconf 81' lang='grc' dir='ltr'>Εὐέλττον,</span> <span class='ocrx_word' id='word_1_13' title='bbox 1100 697 1231 773; x_wconf 87' lang='lat' dir='ltr'>deinde</span> <span class='ocrx_word' id='word_1_14' title='bbox 1244 699 1282 772; x_wconf 89' lang='lat' dir='ltr'>in</span> <span class='ocrx_word' id='word_1_15' title='bbox 1294 693 1534 774; x_wconf 83' lang='grc' dir='ltr'>Εὑελπίστοο</span> 
     </span>
     <span class='ocr_line' id='line_1_3' title="bbox 139 813 1529 910; baseline 0.006 -23"><span class='ocrx_word' id='word_1_16' title='bbox 139 813 238 910; x_wconf 92' lang='lat' dir='ltr'>quod</span> <span class='ocrx_word' id='word_1_17' title='bbox 265 814 450 888; x_wconf 88' lang='lat' dir='ltr'>solcnnius</span> <span class='ocrx_word' id='word_1_18' title='bbox 477 829 533 890; x_wconf 84' lang='lat' dir='ltr'>est</span> <span class='ocrx_word' id='word_1_19' title='bbox 561 819 717 893; x_wconf 89' lang='lat' dir='ltr'>constiti.</span> <span class='ocrx_word' id='word_1_20' title='bbox 781 819 825 892; x_wconf 91' lang='lat' dir='ltr'>In</span> <span class='ocrx_word' id='word_1_21' title='bbox 854 845 887 892; x_wconf 92' lang='lat' dir='ltr'>v.</span> <span class='ocrx_word' id='word_1_22' title='bbox 911 822 964 893; x_wconf 88' lang='lat'>15.</span> <span class='ocrx_word' id='word_1_23' title='bbox 994 820 1087 894; x_wconf 86' lang='lat' dir='ltr'>med.</span> <span class='ocrx_word' id='word_1_24' title='bbox 1117 819 1250 894; x_wconf 85' lang='lat' dir='ltr'>chartis</span> <span class='ocrx_word' id='word_1_25' title='bbox 1277 821 1529 896; x_wconf 78' lang='lat' dir='ltr'><strong>mandaveram</strong></span> 
     </span>
     <span class='ocr_line' id='line_1_4' title="bbox 139 933 1532 1034; baseline 0.004 -27"><span class='ocrx_word' id='word_1_26' title='bbox 139 933 446 1029; x_wconf 73' lang='lat' dir='ltr'>0NOE1A‚quod</span> <span class='ocrx_word' id='word_1_27' title='bbox 470 935 545 1008; x_wconf 88' lang='lat' dir='ltr'>levi</span> <span class='ocrx_word' id='word_1_28' title='bbox 567 937 766 1011; x_wconf 82' lang='lat' dir='ltr'>mutatione</span> <span class='ocrx_word' id='word_1_29' title='bbox 788 935 831 1009; x_wconf 87' lang='lat' dir='ltr'>fit</span> <span class='ocrx_word' id='word_1_30' title='bbox 849 943 1035 1024; x_wconf 87' lang='grc' dir='ltr'>ΝΟΘΕΙΑ,</span> <span class='ocrx_word' id='word_1_31' title='bbox 1054 939 1156 1034; x_wconf 80' lang='lat' dir='ltr'>quasi</span> <span class='ocrx_word' id='word_1_32' title='bbox 1178 937 1287 1012; x_wconf 84' lang='lat' dir='ltr'>fuerit</span> <span class='ocrx_word' id='word_1_33' title='bbox 1304 938 1454 1016; x_wconf 82' lang='lat' dir='ltr'>Ammco</span> <span class='ocrx_word' id='word_1_34' title='bbox 1472 942 1532 1013; x_wconf 90' lang='lat' dir='ltr'>vel</span> 
     </span>
     <span class='ocr_line' id='line_1_5' title="bbox 139 1053 1530 1156; baseline 0.004 -29"><span class='ocrx_word' id='word_1_35' title='bbox 139 1053 287 1128; x_wconf 63' lang='lat' dir='ltr'>ommia</span> <span class='ocrx_word' id='word_1_36' title='bbox 303 1053 379 1127; x_wconf 86' lang='lat' dir='ltr'>fflia</span> <span class='ocrx_word' id='word_1_37' title='bbox 395 1054 638 1152; x_wconf 83' lang='lat' dir='ltr'>Epaphroditi</span> <span class='ocrx_word' id='word_1_38' title='bbox 655 1081 728 1128; x_wconf 92' lang='lat' dir='ltr'>non</span> <span class='ocrx_word' id='word_1_39' title='bbox 746 1056 925 1153; x_wconf 79' lang='lat' dir='ltr'>legitima‘.</span> <span class='ocrx_word' id='word_1_40' title='bbox 978 1057 1023 1128; x_wconf 93' lang='lat' dir='ltr'>In</span> <span class='ocrx_word' id='word_1_41' title='bbox 1039 1056 1184 1130; x_wconf 89' lang='lat' dir='ltr'>nomine</span> <span class='ocrx_word' id='word_1_42' title='bbox 1201 1057 1327 1131; x_wconf 83' lang='lat' dir='ltr'>uxoris</span> <span class='ocrx_word' id='word_1_43' title='bbox 1341 1057 1530 1156; x_wconf 88' lang='lat' dir='ltr'>Apollonii</span> 
     </span>
    </p>
   </div>
   <div class='ocr_carea' id='block_1_3' title="bbox 140 1178 730 1276">
    <p class='ocr_par' dir='ltr' id='par_1_3' title="bbox 140 1178 730 1276">
     <span class='ocr_line' id='line_1_6' title="bbox 140 1178 730 1276; baseline -0.007 -24"><span class='ocrx_word' id='word_1_44' title='bbox 140 1202 310 1276; x_wconf 80' lang='lat' dir='ltr'>agnoscas</span> <span class='ocrx_word' id='word_1_45' title='bbox 328 1201 529 1251; x_wconf 83' lang='lat' dir='ltr'>sermonem</span> <span class='ocrx_word' id='word_1_46' title='bbox 546 1178 730 1275; x_wconf 80' lang='lat' dir='ltr'>patrium¹¹.</span> 
     </span>
    </p>
   </div>
   <div class='ocr_carea' id='block_1_4' title="bbox 710 1374 958 1451">
    <p class='ocr_par' dir='ltr' id='par_1_4' title="bbox 710 1374 958 1451">
     <span class='ocr_line' id='line_1_7' title="bbox 710 1374 958 1451; baseline -0.012 0"><span class='ocrx_word' id='word_1_47' title='bbox 710 1374 901 1451; x_wconf 86' lang='lat' dir='ltr'>CCLXX.</span> <span class='ocrx_word' id='word_1_48' title='bbox 929 1400 958 1448; x_wconf 91' lang='lat' dir='ltr'>e.</span> 
     </span>
    </p>
   </div>
   <div class='ocr_carea' id='block_1_5' title="bbox 887 1542 1500 1641">
    <p class='ocr_par' dir='ltr' id='par_1_5' title="bbox 887 1542 1500 1641">
     <span class='ocr_line' id='line_1_8' title="bbox 887 1542 1500 1641; baseline -0.005 -20"><span class='ocrx_word' id='word_1_49' title='bbox 887 1542 1079 1641; x_wconf 78' lang='grc' dir='ltr'>Εὐέλθων,</span> <span class='ocrx_word' id='word_1_50' title='bbox 1100 1546 1120 1624; x_wconf 88' lang='grc' dir='ltr'>ὁ</span> <span class='ocrx_word' id='word_1_51' title='bbox 1140 1546 1201 1624; x_wconf 85' lang='grc' dir='ltr'>καὶ</span> <span class='ocrx_word' id='word_1_52' title='bbox 1221 1589 1500 1610; x_wconf 88' lang='lat'>--------</span> 
     </span>
    </p>
   </div>
   <div class='ocr_carea' id='block_1_6' title="bbox 217 1541 548 1612">
    <p class='ocr_par' dir='ltr' id='par_1_6' title="bbox 217 1541 548 1612">
     <span class='ocr_line' id='line_1_9' title="bbox 217 1541 548 1612; baseline -0.009 0"><span class='ocrx_word' id='word_1_53' title='bbox 217 1541 548 1612; x_wconf 85' lang='grc' dir='ltr'>ΕΥΕΛΘΩΝΟΚΑΙ</span> 
     </span>
    </p>
   </div>
   <div class='ocr_carea' id='block_1_7' title="bbox 163 1659 805 2330">
    <p class='ocr_par' dir='ltr' id='par_1_7' title="bbox 163 1659 805 2330">
     <span class='ocr_line' id='line_1_10' title="bbox 214 1659 782 1730; baseline -0.002 -1"><span class='ocrx_word' id='word_1_54' title='bbox 214 1662 429 1730; x_wconf 88' lang='grc' dir='ltr'>ΑΡΙΣΤΑΙΝ</span> <span class='ocrx_word' id='word_1_55' title='bbox 447 1707 457 1726; x_wconf 93' lang='grc'><strong>.</strong></span> <span class='ocrx_word' id='word_1_56' title='bbox 474 1707 484 1727; x_wconf 89' lang='grc'><strong>.</strong></span> <span class='ocrx_word' id='word_1_57' title='bbox 499 1707 509 1727; x_wconf 90' lang='grc'><strong>.</strong></span> <span class='ocrx_word' id='word_1_58' title='bbox 526 1659 782 1728; x_wconf 88' lang='grc' dir='ltr'><strong>.ΤΟΥΑΠΟΛ</strong></span> 
     </span>
     <span class='ocr_line' id='line_1_11' title="bbox 214 1778 773 1849; baseline 0 0"><span class='ocrx_word' id='word_1_59' title='bbox 214 1778 773 1849; x_wconf 78' lang='grc' dir='ltr'>ΛΩΝΙΟΥΑΝΤΙΦΕΛΛΕΙΤΗΣ</span> 
     </span>
     <span class='ocr_line' id='line_1_12' title="bbox 215 1899 803 1970; baseline -0.005 0"><span class='ocrx_word' id='word_1_60' title='bbox 215 1899 803 1970; x_wconf 82' lang='grc' dir='ltr'>ΚΑΤΕΣΚΕΥΑΣΕΝΕΑΥΤΩΚΑΙ</span> 
     </span>
     <span class='ocr_line' id='line_1_13' title="bbox 163 2020 805 2089; baseline -0.002 0"><span class='ocrx_word' id='word_1_61' title='bbox 163 2023 183 2089; x_wconf 89' lang='grc'><strong><em>5</em></strong></span> <span class='ocrx_word' id='word_1_62' title='bbox 351 2020 805 2088; x_wconf 85' lang='grc' dir='ltr'>ΙΚΙΜΟΥΤΕΙΜΗΣΙΘΕΑ</span> 
     </span>
     <span class='ocr_line' id='line_1_14' title="bbox 595 2139 769 2208; baseline 0.011 -2"><span class='ocrx_word' id='word_1_63' title='bbox 595 2140 639 2206; x_wconf 84' lang='grc' dir='ltr'>Ε.</span> <span class='ocrx_word' id='word_1_64' title='bbox 653 2139 769 2208; x_wconf 87' lang='grc' dir='ltr'>ΝΟΙΣ</span> 
     </span>
     <span class='ocr_line' id='line_1_15' title="bbox 285 2259 767 2330; baseline -0.002 -1"><span class='ocrx_word' id='word_1_65' title='bbox 285 2259 767 2330; x_wconf 83' lang='grc' dir='ltr'>ΘΟΝΤΙΚΑΙΑΠΟΛΛΩΝΙ</span> 
     </span>
    </p>
   </div>
   <div class='ocr_carea' id='block_1_8' title="bbox 884 1656 1448 2366">
    <p class='ocr_par' dir='ltr' id='par_1_8' title="bbox 884 1656 1412 2005">
     <span class='ocr_line' id='line_1_16' title="bbox 884 1656 1412 1762; baseline 0.009 -24"><span class='ocrx_word' id='word_1_66' title='bbox 884 1656 1167 1762; x_wconf 80' lang='grc' dir='ltr'>Ἀρισταινέτου</span> <span class='ocrx_word' id='word_1_67' title='bbox 1186 1669 1252 1741; x_wconf 85' lang='grc' dir='ltr'>τοῦ</span> <span class='ocrx_word' id='word_1_68' title='bbox 1270 1659 1412 1743; x_wconf 86' lang='grc' dir='ltr'>Ἀπολ-</span> 
     </span>
     <span class='ocr_line' id='line_1_17' title="bbox 885 1778 1357 1887; baseline 0.021 -29"><span class='ocrx_word' id='word_1_69' title='bbox 885 1780 1035 1877; x_wconf 87' lang='grc' dir='ltr'>λωνίου,</span> <span class='ocrx_word' id='word_1_70' title='bbox 1056 1778 1357 1887; x_wconf 73' lang='grc' dir='ltr'>Ἀντιφελλῖτηο,</span> 
     </span>
     <span class='ocr_line' id='line_1_18' title="bbox 886 1893 1378 2005; baseline 0.014 -30"><span class='ocrx_word' id='word_1_71' title='bbox 886 1893 1162 1977; x_wconf 77' lang='grc' dir='ltr'>κατεσκεύασεν</span> <span class='ocrx_word' id='word_1_72' title='bbox 1182 1900 1299 2005; x_wconf 73' lang='grc' dir='ltr'>ἑαυτῷ</span> <span class='ocrx_word' id='word_1_73' title='bbox 1317 1902 1378 1982; x_wconf 78' lang='grc' dir='ltr'>καὶ</span> 
     </span>
    </p>

    <p class='ocr_par' dir='ltr' id='par_1_9' title="bbox 884 2014 1448 2366">
     <span class='ocr_line' id='line_1_19' title="bbox 884 2014 1426 2124; baseline 0.011 -33"><span class='ocrx_word' id='word_1_74' title='bbox 884 2015 930 2118; x_wconf 78' lang='grc' dir='ltr'>τῇ</span> <span class='ocrx_word' id='word_1_75' title='bbox 948 2014 1096 2114; x_wconf 85' lang='grc' dir='ltr'>γυναικί</span> <span class='ocrx_word' id='word_1_76' title='bbox 1112 2047 1186 2113; x_wconf 88' lang='grc' dir='ltr'>μου</span> <span class='ocrx_word' id='word_1_77' title='bbox 1204 2017 1426 2124; x_wconf 78' lang='grc' dir='ltr'>Τιμησιθέᾳ,</span> 
     </span>
     <span class='ocr_line' id='line_1_20' title="bbox 886 2135 1438 2230; baseline 0.009 -17"><span class='ocrx_word' id='word_1_78' title='bbox 886 2139 952 2213; x_wconf 86' lang='grc' dir='ltr'>τοῦ</span> <span class='ocrx_word' id='word_1_79' title='bbox 973 2137 1104 2230; x_wconf 75' lang='grc' dir='ltr'>δεῖνος,</span> <span class='ocrx_word' id='word_1_80' title='bbox 1123 2135 1184 2214; x_wconf 86' lang='grc' dir='ltr'>καὶ</span> <span class='ocrx_word' id='word_1_81' title='bbox 1202 2139 1279 2218; x_wconf 79' lang='grc' dir='ltr'>τοῖς</span> <span class='ocrx_word' id='word_1_82' title='bbox 1297 2135 1438 2224; x_wconf 79' lang='grc' dir='ltr'>τέκνοις</span> 
     </span>
     <span class='ocr_line' id='line_1_21' title="bbox 885 2250 1448 2366; baseline 0.009 -34"><span class='ocrx_word' id='word_1_83' title='bbox 885 2250 1091 2334; x_wconf 77' lang='grc' dir='ltr'>Εὐέλθοντι</span> <span class='ocrx_word' id='word_1_84' title='bbox 1110 2255 1171 2332; x_wconf 85' lang='grc' dir='ltr'>καὶ</span> <span class='ocrx_word' id='word_1_85' title='bbox 1189 2250 1448 2366; x_wconf 76' lang='grc' dir='ltr'>Ἀπολλωνίῳ,</span> 
     </span>
    </p>
   </div>
   <div class='ocr_carea' id='block_1_9' title="bbox 284 2379 785 2568">
    <p class='ocr_par' dir='ltr' id='par_1_10' title="bbox 284 2379 785 2568">
     <span class='ocr_line' id='line_1_22' title="bbox 284 2379 785 2450; baseline 0.006 -3"><span class='ocrx_word' id='word_1_86' title='bbox 284 2379 492 2448; x_wconf 89' lang='grc' dir='ltr'>ΑΙΔΑΜΟ.</span> <span class='ocrx_word' id='word_1_87' title='bbox 506 2381 785 2450; x_wconf 82' lang='grc' dir='ltr'>ΕΙΚΩΚΑΙΤΗΑ</span> 
     </span>
     <span class='ocr_line' id='line_1_23' title="bbox 314 2496 703 2568; baseline -0.008 0"><span class='ocrx_word' id='word_1_88' title='bbox 314 2496 703 2568; x_wconf 72' lang='grc' dir='ltr'>ΦΗΑΥΤΩΝΕΥΓΕΝΙ</span> 
     </span>
    </p>
   </div>
   <div class='ocr_carea' id='block_1_10' title="bbox 142 2615 664 3167">
    <p class='ocr_par' dir='ltr' id='par_1_11' title="bbox 142 2615 649 2687">
     <span class='ocr_line' id='line_1_24' title="bbox 142 2615 649 2687; baseline 0 -2"><span class='ocrx_word' id='word_1_89' title='bbox 142 2615 184 2686; x_wconf 88' lang='grc'>10</span> <span class='ocrx_word' id='word_1_90' title='bbox 312 2618 649 2687; x_wconf 78' lang='grc' dir='ltr'>ΤΟΙΣΕΞΑΥΤΩΝ</span> 
     </span>
    </p>

    <p class='ocr_par' dir='ltr' id='par_1_12' title="bbox 213 2731 664 2928">
     <span class='ocr_line' id='line_1_25' title="bbox 244 2731 664 2808; baseline -0.002 -2"><span class='ocrx_word' id='word_1_91' title='bbox 244 2731 664 2808; x_wconf 83' lang='grc' dir='ltr'>ΣΚΑΙΟΙΣΑΝΑΥΤΟΣ</span> 
     </span>
     <span class='ocr_line' id='line_1_26' title="bbox 213 2857 624 2928; baseline -0.01 0"><span class='ocrx_word' id='word_1_92' title='bbox 213 2859 322 2928; x_wconf 84' lang='grc' dir='ltr'><strong>ΤΡΕ.</strong></span> <span class='ocrx_word' id='word_1_93' title='bbox 338 2905 348 2924; x_wconf 89' lang='grc'><strong>.</strong></span> <span class='ocrx_word' id='word_1_94' title='bbox 362 2857 624 2926; x_wconf 84' lang='grc' dir='ltr'>ΑΛΛΩΔΕΜΗ</span> 
     </span>
    </p>

    <p class='ocr_par' dir='ltr' id='par_1_13' title="bbox 212 2977 655 3167">
     <span class='ocr_line' id='line_1_27' title="bbox 214 2977 655 3046; baseline -0.005 0"><span class='ocrx_word' id='word_1_95' title='bbox 214 2977 655 3046; x_wconf 83' lang='grc' dir='ltr'>ΕΝΚΗΔΕΥΣΑΙΤΙΝΑΗ</span> 
     </span>
     <span class='ocr_line' id='line_1_28' title="bbox 212 3095 619 3167; baseline -0.007 0"><span class='ocrx_word' id='word_1_96' title='bbox 212 3097 314 3167; x_wconf 88' lang='grc' dir='ltr'><strong>ΟΙΣ.</strong></span> <span class='ocrx_word' id='word_1_97' title='bbox 329 3099 339 3164; x_wconf 91' lang='grc' dir='ltr'>Ι</span> <span class='ocrx_word' id='word_1_98' title='bbox 352 3095 619 3165; x_wconf 78' lang='grc' dir='ltr'>,ΤΟΥΙὨΝΔΙ</span> 
     </span>
    </p>
   </div>
   <div class='ocr_carea' id='block_1_11' title="bbox 143 2373 1523 3307">
    <p class='ocr_par' dir='ltr' id='par_1_14' title="bbox 884 2373 1450 2710">
     <span class='ocr_line' id='line_1_29' title="bbox 885 2373 1450 2481; baseline 0.005 -27"><span class='ocrx_word' id='word_1_99' title='bbox 885 2375 936 2480; x_wconf 77' lang='grc' dir='ltr'>τῷ</span> <span class='ocrx_word' id='word_1_100' title='bbox 955 2375 1016 2454; x_wconf 87' lang='grc' dir='ltr'>καὶ</span> <span class='ocrx_word' id='word_1_101' title='bbox 1034 2373 1246 2480; x_wconf 82' lang='grc' dir='ltr'>Δαμονίκφ,</span> <span class='ocrx_word' id='word_1_102' title='bbox 1266 2377 1325 2454; x_wconf 85' lang='grc' dir='ltr'>καὶ</span> <span class='ocrx_word' id='word_1_103' title='bbox 1344 2410 1390 2481; x_wconf 83' lang='grc' dir='ltr'>τῃ</span> <span class='ocrx_word' id='word_1_104' title='bbox 1410 2382 1450 2457; x_wconf 80' lang='grc' dir='ltr'>οἱ·</span> 
     </span>
     <span class='ocr_line' id='line_1_30' title="bbox 885 2489 1357 2599; baseline 0.002 -30"><span class='ocrx_word' id='word_1_105' title='bbox 885 2493 1008 2597; x_wconf 74' lang='grc' dir='ltr'>δελφῇ</span> <span class='ocrx_word' id='word_1_106' title='bbox 1028 2489 1148 2568; x_wconf 75' lang='grc' dir='ltr'>αὐτῶν</span> <span class='ocrx_word' id='word_1_107' title='bbox 1166 2490 1357 2599; x_wconf 80' lang='grc' dir='ltr'>Εὖγενεία,</span> 
     </span>
     <span class='ocr_line' id='line_1_31' title="bbox 884 2601 1383 2710; baseline 0.006 -24"><span class='ocrx_word' id='word_1_108' title='bbox 884 2608 1040 2690; x_wconf 79' lang='grc' dir='ltr'>καὶτοῖς</span> <span class='ocrx_word' id='word_1_109' title='bbox 1060 2601 1104 2710; x_wconf 80' lang='grc' dir='ltr'>ἐξ</span> <span class='ocrx_word' id='word_1_110' title='bbox 1122 2606 1241 2686; x_wconf 80' lang='grc' dir='ltr'>αὐτῶν</span> <span class='ocrx_word' id='word_1_111' title='bbox 1260 2605 1383 2689; x_wconf 74' lang='grc' dir='ltr'>τέκνο-</span> 
     </span>
    </p>

    <p class='ocr_par' dir='ltr' id='par_1_15' title="bbox 883 2714 1523 3065">
     <span class='ocr_line' id='line_1_32' title="bbox 883 2714 1375 2820; baseline 0.006 -19"><span class='ocrx_word' id='word_1_112' title='bbox 883 2757 928 2820; x_wconf 75' lang='grc' dir='ltr'>ις,</span> <span class='ocrx_word' id='word_1_113' title='bbox 949 2724 1009 2802; x_wconf 83' lang='grc' dir='ltr'>καὶ</span> <span class='ocrx_word' id='word_1_114' title='bbox 1029 2719 1083 2806; x_wconf 78' lang='grc' dir='ltr'>οἷς</span> <span class='ocrx_word' id='word_1_115' title='bbox 1102 2714 1149 2799; x_wconf 77' lang='grc' dir='ltr'>ἂν</span> <span class='ocrx_word' id='word_1_116' title='bbox 1168 2718 1277 2806; x_wconf 76' lang='grc' dir='ltr'>αὐτὸς·</span> <span class='ocrx_word' id='word_1_117' title='bbox 1297 2726 1375 2804; x_wconf 87' lang='grc' dir='ltr'>ε’πι·</span> 
     </span>
     <span class='ocr_line' id='line_1_33' title="bbox 883 2839 1523 2951; baseline 0.009 -29"><span class='ocrx_word' id='word_1_118' title='bbox 883 2841 1021 2949; x_wconf 75' lang='grc' dir='ltr'>τρέψω·</span> <span class='ocrx_word' id='word_1_119' title='bbox 1044 2841 1152 2948; x_wconf 74' lang='grc' dir='ltr'>ἄλλῳ</span> <span class='ocrx_word' id='word_1_120' title='bbox 1172 2839 1211 2920; x_wconf 74' lang='grc' dir='ltr'>δὲ</span> <span class='ocrx_word' id='word_1_121' title='bbox 1230 2847 1360 2943; x_wconf 85' lang='grc' dir='ltr'>μηδενὶ</span> <span class='ocrx_word' id='word_1_122' title='bbox 1380 2843 1523 2951; x_wconf 74' lang='grc' dir='ltr'>ἐξέστω</span> 
     </span>
     <span class='ocr_line' id='line_1_34' title="bbox 884 2955 1312 3065; baseline 0.007 -25"><span class='ocrx_word' id='word_1_123' title='bbox 884 2963 1111 3065; x_wconf 86' lang='grc' dir='ltr'>ε’γκηδεῦσαί</span> <span class='ocrx_word' id='word_1_124' title='bbox 1127 2995 1209 3041; x_wconf 92' lang='grc' dir='ltr'>τινα</span> <span class='ocrx_word' id='word_1_125' title='bbox 1227 2955 1251 3064; x_wconf 79' lang='grc' dir='ltr'><em>ἢ</em></span> <span class='ocrx_word' id='word_1_126' title='bbox 1274 2998 1312 3043; x_wconf 92' lang='grc' dir='ltr'>τ-</span> 
     </span>
    </p>

    <p class='ocr_par' dir='ltr' id='par_1_16' title="bbox 884 3078 1412 3187">
     <span class='ocr_line' id='line_1_35' title="bbox 884 3078 1412 3187; baseline 0.006 -26"><span class='ocrx_word' id='word_1_127' title='bbox 884 3089 939 3166; x_wconf 75' lang='grc' dir='ltr'>οῖς</span> <span class='ocrx_word' id='word_1_128' title='bbox 958 3081 1019 3160; x_wconf 81' lang='grc' dir='ltr'>διὰ</span> <span class='ocrx_word' id='word_1_129' title='bbox 1037 3078 1178 3162; x_wconf 78' lang='grc' dir='ltr'>τούτων</span> <span class='ocrx_word' id='word_1_130' title='bbox 1197 3085 1412 3187; x_wconf 77' lang='grc' dir='ltr'>διωρισμέν-</span> 
     </span>
    </p>

    <p class='ocr_par' dir='ltr' id='par_1_17' title="bbox 143 3198 1339 3307">
     <span class='ocr_line' id='line_1_36' title="bbox 143 3198 1339 3307; baseline 0.001 -24"><span class='ocrx_word' id='word_1_131' title='bbox 143 3215 182 3284; x_wconf 83' lang='grc'>15</span> <span class='ocrx_word' id='word_1_132' title='bbox 404 3214 644 3284; x_wconf 89' lang='grc' dir='ltr'><strong>ΤΩΥΠΟΣΟ</strong></span> <span class='ocrx_word' id='word_1_133' title='bbox 883 3235 949 3286; x_wconf 75' lang='lat' dir='ltr'>otc.</span> <span class='ocrx_word' id='word_1_134' title='bbox 973 3204 1012 3282; x_wconf 84' lang='grc' dir='ltr'>ἐν</span> <span class='ocrx_word' id='word_1_135' title='bbox 1032 3198 1072 3280; x_wconf 77' lang='grc' dir='ltr'>δὲ</span> <span class='ocrx_word' id='word_1_136' title='bbox 1090 3203 1141 3307; x_wconf 76' lang='grc' dir='ltr'>τῷ</span> <span class='ocrx_word' id='word_1_137' title='bbox 1161 3203 1339 3307; x_wconf 86' lang='grc' dir='ltr'>ὑποσορί-</span> 
     </span>
    </p>
   </div>
   <div class='ocr_carea' id='block_1_12' title="bbox 211 3315 1451 3539">
    <p class='ocr_par' dir='ltr' id='par_1_18' title="bbox 211 3315 1451 3539">
     <span class='ocr_line' id='line_1_37' title="bbox 211 3315 1221 3425; baseline -0.01 -20"><span class='ocrx_word' id='word_1_138' title='bbox 211 3340 249 3406; x_wconf 89' lang='grc' dir='ltr'><strong>Ω</strong></span> <span class='ocrx_word' id='word_1_139' title='bbox 268 3381 690 3404; x_wconf 89' lang='grc'><strong>............</strong></span> <span class='ocrx_word' id='word_1_140' title='bbox 880 3352 909 3425; x_wconf 80' lang='grc' dir='ltr'><em>ῳ</em></span> <span class='ocrx_word' id='word_1_141' title='bbox 929 3315 1221 3422; x_wconf 85' lang='grc' dir='ltr'>ἐγκηδευθήσον-</span> 
     </span>
     <span class='ocr_line' id='line_1_38' title="bbox 299 3433 1451 3539; baseline -0.005 -14"><span class='ocrx_word' id='word_1_142' title='bbox 299 3455 580 3526; x_wconf 84' lang='grc' dir='ltr'>ΚΑΙΤΑΘΡΕΠ.</span> <span class='ocrx_word' id='word_1_143' title='bbox 602 3454 801 3523; x_wconf 81' lang='grc' dir='ltr'><strong>,ΜΟΥΟΔ</strong></span> <span class='ocrx_word' id='word_1_144' title='bbox 879 3471 939 3518; x_wconf 88' lang='grc' dir='ltr'>ται</span> <span class='ocrx_word' id='word_1_145' title='bbox 959 3434 1085 3517; x_wconf 81' lang='grc' dir='ltr'>καὶτὰ</span> <span class='ocrx_word' id='word_1_146' title='bbox 1105 3433 1247 3539; x_wconf 81' lang='grc' dir='ltr'>θρεπτοί</span> <span class='ocrx_word' id='word_1_147' title='bbox 1264 3460 1347 3537; x_wconf 85' lang='grc' dir='ltr'>μου·</span> <span class='ocrx_word' id='word_1_148' title='bbox 1370 3441 1391 3518; x_wconf 85' lang='grc' dir='ltr'><em>ὃ</em></span> <span class='ocrx_word' id='word_1_149' title='bbox 1412 3438 1451 3519; x_wconf 75' lang='grc' dir='ltr'>δὲ</span> 
     </span>
    </p>
   </div>
   <div class='ocr_carea' id='block_1_13' title="bbox 881 3553 1237 3664">
    <p class='ocr_par' dir='ltr' id='par_1_19' title="bbox 881 3553 1237 3664">
     <span class='ocr_line' id='line_1_39' title="bbox 881 3553 1237 3664; baseline -0.006 -28"><span class='ocrx_word' id='word_1_150' title='bbox 881 3562 931 3642; x_wconf 77' lang='grc' dir='ltr'>εἰς</span> <span class='ocrx_word' id='word_1_151' title='bbox 951 3553 1073 3664; x_wconf 78' lang='grc' dir='ltr'>τάφον</span> <span class='ocrx_word' id='word_1_152' title='bbox 1102 3589 1136 3635; x_wconf 83' lang='grc' dir='ltr'>κ.</span> <span class='ocrx_word' id='word_1_153' title='bbox 1150 3590 1183 3635; x_wconf 89' lang='grc' dir='ltr'>τ.</span> <span class='ocrx_word' id='word_1_154' title='bbox 1199 3566 1237 3635; x_wconf 93' lang='grc' dir='ltr'>λ.</span> 
     </span>
    </p>
   </div>
   <div class='ocr_carea' id='block_1_14' title="bbox 142 3798 1520 4181">
    <p class='ocr_par' dir='ltr' id='par_1_20' title="bbox 142 3798 1520 4181">
     <span class='ocr_line' id='line_1_40' title="bbox 175 3798 1520 3884; baseline -0.007 -18"><span class='ocrx_word' id='word_1_155' title='bbox 175 3810 182 3836; x_wconf 83' lang='lat'>¹</span> <span class='ocrx_word' id='word_1_156' title='bbox 200 3807 427 3866; x_wconf 80' lang='lat' dir='ltr'>Illustrationem</span> <span class='ocrx_word' id='word_1_157' title='bbox 441 3808 533 3884; x_wconf 85' lang='lat' dir='ltr'>possis</span> <span class='ocrx_word' id='word_1_158' title='bbox 543 3805 612 3864; x_wconf 89' lang='lat' dir='ltr'>hinc</span> <span class='ocrx_word' id='word_1_159' title='bbox 620 3806 749 3882; x_wconf 84' lang='lat' dir='ltr'>accipere</span> <span class='ocrx_word' id='word_1_160' title='bbox 761 3806 799 3862; x_wconf 85' lang='lat' dir='ltr'>ti·</span> <span class='ocrx_word' id='word_1_161' title='bbox 850 3804 1018 3881; x_wconf 70' lang='lat' dir='ltr'>adspirante</span> <span class='ocrx_word' id='word_1_162' title='bbox 1031 3802 1138 3860; x_wconf 70' lang='lat' dir='ltr'>littera</span> <span class='ocrx_word' id='word_1_163' title='bbox 1153 3806 1188 3874; x_wconf 80' lang='lat'>÷</span> <span class='ocrx_word' id='word_1_164' title='bbox 1201 3798 1315 3876; x_wconf 87' lang='lat' dir='ltr'>protuli</span> <span class='ocrx_word' id='word_1_165' title='bbox 1328 3817 1417 3876; x_wconf 85' lang='lat' dir='ltr'>snpra</span> <span class='ocrx_word' id='word_1_166' title='bbox 1430 3800 1460 3856; x_wconf 90' lang='lat' dir='ltr'>in</span> <span class='ocrx_word' id='word_1_167' title='bbox 1474 3819 1520 3857; x_wconf 81' lang='lat' dir='ltr'>ar·</span> 
     </span>
     <span class='ocr_line' id='line_1_41' title="bbox 142 3901 1390 3984; baseline -0.004 -22"><span class='ocrx_word' id='word_1_168' title='bbox 142 3905 193 3962; x_wconf 82' lang='lat' dir='ltr'>tnli</span> <span class='ocrx_word' id='word_1_169' title='bbox 212 3905 294 3984; x_wconf 82' lang='lat' dir='ltr'>Lycii</span> <span class='ocrx_word' id='word_1_170' title='bbox 317 3907 349 3964; x_wconf 90' lang='lat' dir='ltr'>in</span> <span class='ocrx_word' id='word_1_171' title='bbox 369 3905 502 3964; x_wconf 78' lang='lat' dir='ltr'>Fellows.</span> <span class='ocrx_word' id='word_1_172' title='bbox 515 3905 572 3964; x_wconf 86' lang='lat' dir='ltr'>vol.</span> <span class='ocrx_word' id='word_1_173' title='bbox 584 3921 614 3962; x_wconf 88' lang='lat'>11.</span> <span class='ocrx_word' id='word_1_174' title='bbox 627 3906 687 3962; x_wconf 78' lang='lat' dir='ltr'>tab.</span> <span class='ocrx_word' id='word_1_175' title='bbox 702 3901 749 3964; x_wconf 88' lang='lat'>36.</span> <span class='ocrx_word' id='word_1_176' title='bbox 769 3923 799 3961; x_wconf 88' lang='lat' dir='ltr'>n.</span> <span class='ocrx_word' id='word_1_177' title='bbox 850 3915 990 3984; x_wconf 82' lang='lat' dir='ltr'>gumento</span> <span class='ocrx_word' id='word_1_178' title='bbox 1004 3914 1034 3962; x_wconf 86' lang='lat' dir='ltr'>et</span> <span class='ocrx_word' id='word_1_179' title='bbox 1047 3913 1116 3961; x_wconf 85' lang='lat' dir='ltr'>nota</span> <span class='ocrx_word' id='word_1_180' title='bbox 1129 3902 1165 3960; x_wconf 88' lang='lat' dir='ltr'>ad</span> <span class='ocrx_word' id='word_1_181' title='bbox 1179 3901 1259 3960; x_wconf 88' lang='lat' dir='ltr'>titul.</span> <span class='ocrx_word' id='word_1_182' title='bbox 1273 3917 1390 3960; x_wconf 74' lang='lat' dir='ltr'>octxvn</span> 
     </span>
     <span class='ocr_line' id='line_1_42' title="bbox 142 4000 1520 4080; baseline -0.001 -18"><span class='ocrx_word' id='word_1_183' title='bbox 142 4007 220 4072; x_wconf 75' lang='lat'><strong>20‚2.</strong></span> <span class='ocrx_word' id='word_1_184' title='bbox 233 4005 365 4064; x_wconf 81' lang='lat' dir='ltr'>versione</span> <span class='ocrx_word' id='word_1_185' title='bbox 379 4004 496 4080; x_wconf 84' lang='lat' dir='ltr'>Sharpii</span> <span class='ocrx_word' id='word_1_186' title='bbox 509 4003 633 4061; x_wconf 82' lang='lat' dir='ltr'>admissa</span> <span class='ocrx_word' id='word_1_187' title='bbox 646 4022 735 4078; x_wconf 86' lang='lat' dir='ltr'>quam</span> <span class='ocrx_word' id='word_1_188' title='bbox 750 4003 798 4060; x_wconf 84' lang='lat' dir='ltr'>dc-</span> <span class='ocrx_word' id='word_1_189' title='bbox 890 4011 905 4041; x_wconf 79' lang='lat'>¹¹</span> <span class='ocrx_word' id='word_1_190' title='bbox 921 4004 980 4063; x_wconf 89' lang='lat' dir='ltr'>Scil</span> <span class='ocrx_word' id='word_1_191' title='bbox 994 4001 1059 4060; x_wconf 68' lang='lat' dir='ltr'>laide</span> <span class='ocrx_word' id='word_1_192' title='bbox 1074 4001 1105 4058; x_wconf 89' lang='lat' dir='ltr'>in</span> <span class='ocrx_word' id='word_1_193' title='bbox 1126 4001 1207 4059; x_wconf 89' lang='lat' dir='ltr'>titul.</span> <span class='ocrx_word' id='word_1_194' title='bbox 1222 4000 1370 4078; x_wconf 85' lang='lat' dir='ltr'>praedicto.</span> <span class='ocrx_word' id='word_1_195' title='bbox 1411 4004 1456 4060; x_wconf 76' lang='lat' dir='ltr'>Aa</span> <span class='ocrx_word' id='word_1_196' title='bbox 1469 4005 1520 4061; x_wconf 92' lang='lat' dir='ltr'>ob·</span> 
     </span>
     <span class='ocr_line' id='line_1_43' title="bbox 142 4095 1518 4181; baseline 0.001 -22"><span class='ocrx_word' id='word_1_197' title='bbox 142 4102 335 4181; x_wconf 57' lang='lat' dir='ltr'>ditinpntfi.</span> <span class='ocrx_word' id='word_1_198' title='bbox 357 4102 801 4178; x_wconf 82' lang='lat' dir='ltr'>Certononnihilcongruentiae</span> <span class='ocrx_word' id='word_1_199' title='bbox 851 4102 931 4160; x_wconf 80' lang='lat' dir='ltr'>vium</span> <span class='ocrx_word' id='word_1_200' title='bbox 951 4111 996 4158; x_wconf 85' lang='lat' dir='ltr'>cst</span> <span class='ocrx_word' id='word_1_201' title='bbox 1010 4095 1106 4170; x_wconf 66' lang='grc' dir='ltr'>Λάδας,</span> <span class='ocrx_word' id='word_1_202' title='bbox 1121 4119 1226 4158; x_wconf 86' lang='lat' dir='ltr'>nomen</span> <span class='ocrx_word' id='word_1_203' title='bbox 1238 4099 1325 4158; x_wconf 83' lang='lat' dir='ltr'>virile</span> <span class='ocrx_word' id='word_1_204' title='bbox 1344 4101 1376 4157; x_wconf 86' lang='lat' dir='ltr'>in</span> <span class='ocrx_word' id='word_1_205' title='bbox 1396 4101 1518 4160; x_wconf 84' lang='lat' dir='ltr'>Pausan.</span> 
     </span>
    </p>
   </div>
   <div class='ocr_carea' id='block_1_15' title="bbox 143 4197 1014 4384">
    <p class='ocr_par' dir='ltr' id='par_1_21' title="bbox 143 4197 1014 4384">
     <span class='ocr_line' id='line_1_44' title="bbox 143 4197 1014 4285; baseline 0 -27"><span class='ocrx_word' id='word_1_206' title='bbox 143 4203 443 4262; x_wconf 62' lang='lat' dir='ltr'>vociwomdlctdaecum</span> <span class='ocrx_word' id='word_1_207' title='bbox 453 4203 676 4261; x_wconf 82' lang='lat' dir='ltr'>scrtArabicum</span> <span class='ocrx_word' id='word_1_208' title='bbox 688 4197 802 4285; x_wconf 46' lang='lat' dir='ltr'>Q»,</span> <span class='ocrx_word' id='word_1_209' title='bbox 856 4217 920 4258; x_wconf 86' lang='lat' dir='ltr'>vm.</span> <span class='ocrx_word' id='word_1_210' title='bbox 933 4203 976 4258; x_wconf 78' lang='lat' dir='ltr'>la</span> <span class='ocrx_word' id='word_1_211' title='bbox 987 4203 1014 4260; x_wconf 86' lang='lat'>3.</span> 
     </span>
     <span class='ocr_line' id='line_1_45' title="bbox 144 4303 803 4384; baseline -0.011 -17"><span class='ocrx_word' id='word_1_212' title='bbox 144 4305 240 4366; x_wconf 68' lang='lat' dir='ltr'>adiuta</span> <span class='ocrx_word' id='word_1_213' title='bbox 274 4306 398 4366; x_wconf 82' lang='lat' dir='ltr'>Accedit</span> <span class='ocrx_word' id='word_1_214' title='bbox 411 4326 498 4384; x_wconf 84' lang='lat' dir='ltr'>porro</span> <span class='ocrx_word' id='word_1_215' title='bbox 511 4305 583 4364; x_wconf 83' lang='lat' dir='ltr'>fidos</span> <span class='ocrx_word' id='word_1_216' title='bbox 596 4305 632 4364; x_wconf 85' lang='lat' dir='ltr'>iis</span> <span class='ocrx_word' id='word_1_217' title='bbox 646 4323 710 4382; x_wconf 80' lang='lat' dir='ltr'>quae</span> <span class='ocrx_word' id='word_1_218' title='bbox 724 4303 803 4362; x_wconf 86' lang='lat' dir='ltr'>davi</span> 
     </span>
    </p>
   </div>
   <div class='ocr_carea' id='block_1_16' title="bbox 0 0 2002 5242">
    <p class='ocr_par' dir='ltr' id='par_1_22' title="bbox 0 0 2002 5242">
     <span class='ocr_line' id='line_1_46' title="bbox 0 0 2002 5242; baseline 0 2"><span class='ocrx_word' id='word_1_219' title='bbox 0 0 2002 5242; x_wconf 95' lang='lat' dir='ltr'> </span> 
     </span>
    </p>
   </div>
  </div>
 </body>
</html>
