3994 5242
440 480 482 544 50
753 478 1107 546 INSCRIPTIONES
1130 479 1325 548 GRAECAE.
1340 479 1460 566 [meos.
1471 499 1652 546 cccxxxur.
1663 499 1844 544 cccxxxiv.

438 663 550 736 dandi
567 663 845 759 quibuscunque
869 663 949 737 aliis
965 665 1108 737 veniam
1137 665 1175 738 in
1205 690 1249 738 eo
1275 665 1482 763 sepeliendi.
1528 666 1646 740 Multa
1663 666 1844 740 definitur

438 785 565 856 aerario
580 783 817 882 Cyanitarum
842 785 1044 882 pendenda,
1063 789 1169 884 cujus
1193 787 1350 876 semissis
1368 787 1578 862 attribuitur
1594 787 1843 873 convincenti,

441 918 509 977 ete.

514 1030 657 1102 Nomen
675 1019 930 1128 Ἀλέξανδρος
939 1031 1021 1104 obv.
1034 1030 1209 1104 inFranz.
1227 1028 1296 1128 (ex
1308 1029 1496 1127 Fellows.)
1511 1055 1546 1104 n.
1558 1031 1667 1104 4248.
1683 1032 1713 1102 l.
1744 1031 1842 1102 Her·
1896 1067 1898 1072 .

441 1151 577 1248 mapias
598 1149 738 1246 (script.
757 1148 1065 1250 et-chncpps'ue)
1085 1150 1124 1222 in
1140 1175 1175 1222 n.
1191 1153 1300 1224 4257.
1324 1174 1373 1222 ex
1398 1149 1563 1222 Fellows.
1582 1159 1620 1221 et
1637 1169 1784 1224 ccxcvi
1805 1150 1840 1221 2.

443 1274 524 1346 infr.
562 1274 751 1347 Habemus
765 1297 913 1370 quoque
927 1264 1188 1372 Ὀνησίφορος
1201 1269 1256 1352 δὶς
1267 1275 1334 1348 τοῦ
1344 1262 1602 1372 Ἀλεξάνδρου
1619 1273 1658 1346 in
1672 1273 1842 1346 Telmiss.

443 1397 569 1469 Franz.
591 1397 660 1492 (ex
677 1394 841 1467 Fellows.
860 1409 897 1468 et
911 1397 997 1469 Von
1015 1395 1220 1493 Hammer.)
1239 1422 1272 1468 n.
1285 1397 1392 1474 4213.
1411 1394 1488 1470 init.

964 1664 1260 1741 CCLXXXIV.
1288 1666 1321 1739 d.

567 1836 907 1906 ΑΥΡΗΛΙΟΕΜΑΡ
1309 1830 1498 1936 Αὐρήλιος
1518 1835 1627 1933 Μαρ-

569 1956 964 2028 ΚΙΑΝΟΕΝΕΙΚΟΜΗ
1307 1945 1444 2044 κιουός,
1464 1951 1632 2047 Νικομη-

566 2076 1033 2149 Δεγικκιογῑκιιτιοι
1306 2060 1702 2166 οεὺςκαὶΒυζάνηος,

569 2197 1035 2268 ΚΥΒΕΡΝΗΤΗΕΚΑΛΩΓ.
1309 2179 1551 2286 κυβερνήτης,
1572 2184 1695 2264 καλῶς

494 2317 514 2384 5
569 2314 983 2386 ΒΙΩΕΑῈΕΝΘΑΔΕΚΑ
1307 2301 1463 2398 βιώσας.
1508 2297 1666 2380 Ἑνθάδε
1687 2333 1772 2379 κιιτ-

566 2433 895 2504 ΤΟΙΚΩΕΡΜΑΠΙ
1308 2420 1396 2524 οἴκῳ
1414 2415 1597 2522 Έρμαπί·

568 2551 867 2624 ursonem
1311 2569 1354 2618 ας
1374 2531 1574 2638 ἐπέτρεψα.

521 2748 714 2819 Prostabat
739 2745 817 2818 hec
848 2743 1046 2841 epigraphe
1079 2746 1116 2818 in
1151 2745 1280 2820 eodem
1309 2746 1533 2820 monimento
1563 2769 1604 2818 ac
1631 2766 1839 2842 praegressa.

445 2867 663 2962 Hermapias
683 2867 828 2963 (praegr.
855 2889 911 2936 vv.
931 2867 965 2936 4.
993 2867 1013 2936 7
1018 2865 1046 2960 .)
1067 2867 1129 2961 jus
1146 2867 1180 2939 ei
1197 2889 1409 2940 concessum
1426 2890 1448 2938 a
1464 2865 1619 2962 conjuge
1639 2863 1719 2961 (vv.
1735 2867 1771 2938 6.
1786 2863 1839 2960 7.)

368 3028 372 3038 ·
444 2989 620 3079 exercuit,
646 2985 822 3082 permissa
848 2984 1034 3080 sepultura
1050 2985 1248 3071 Marciano,
1265 2984 1338 3057 civi
1360 2981 1620 3057 Nicomedensi
1645 2996 1683 3056 et
1706 2985 1841 3081 Byzan·

445 3109 533 3193 tino,
551 3107 589 3178 in
606 3105 829 3176 monimento
846 3101 1024 3176 familiari.
1846 3186 1849 3194 Ι

528 3219 771 3325 Κυβερνήτης
790 3227 828 3299 in
845 3251 880 3299 v,
896 3229 932 3299 4.
958 3243 1013 3300 est
1029 3227 1154 3302 Rectus
1171 3225 1284 3299 auom.
1336 3226 1522 3322 Expertus
1550 3223 1669 3296 suerat
1693 3223 1841 3295 fortasse

203 3419 206 3426 ,
321 3435 327 3442 ,
446 3351 603 3450 sepulcri
629 3372 813 3446 possessor
835 3346 979 3420 fidelem
1004 3371 1150 3444 operam
1170 3345 1346 3419 Marciani
1363 3345 1400 3416 in
1418 3357 1562 3440 quaestu
1587 3343 1766 3415 maritimo
1784 3367 1843 3415 ex·

448 3470 616 3546 ercendo.

854 3605 860 3622 ¹
983 3621 1262 3722 cccxxxv.
1288 3671 1318 3718 e.

700 3831 1558 3906 ΤΟΜΝΗΜΕΙΟΝΑΥΡΗΛΙΟΥΕΠΙΚΤΗΤΟΥ

702 3944 1559 4018 ΕΓΙΙΚΤΗΤΟΥΚΥΑΝΕΙΤΟΥΠΡΟΓΟΝΙΚΟΝ

787 4106 843 4189 Τὸ
862 4115 1042 4209 μνημεῖον
1062 4107 1254 4212 Αὐρηλῖου
1272 4104 1496 4206 Ἐπικτήτου

789 4240 1026 4342 Ἐπικτήτου,
1041 4242 1242 4338 Κυανίτου,
1261 4234 1500 4346 προγονικόν.
