<?xml version="1.0" encoding="UTF-8"?>
<!DOCTYPE html PUBLIC "-//W3C//DTD XHTML 1.0 Transitional//EN"
    "http://www.w3.org/TR/xhtml1/DTD/xhtml1-transitional.dtd">
<html xmlns="http://www.w3.org/1999/xhtml" xml:lang="en" lang="en">
 <head>
  <title>
</title>
<meta http-equiv="Content-Type" content="text/html;charset=utf-8" />
  <meta name='ocr-system' content='tesseract 3.04.00' />
  <meta name='ocr-capabilities' content='ocr_page ocr_carea ocr_par ocr_line ocrx_word'/>
</head>
<body>
  <div class='ocr_page' id='page_1' title='image "./fasciculusinscr02kenngoog_0115.png"; bbox 0 0 3918 5240; ppageno 0'>
   <div class='ocr_carea' id='block_1_1' title="bbox 487 530 1862 629">
    <p class='ocr_par' dir='ltr' id='par_1_1' title="bbox 487 530 1862 629">
     <span class='ocr_line' id='line_1_1' title="bbox 487 530 1862 629; baseline 0.005 -28"><span class='ocrx_word' id='word_1_1' title='bbox 487 535 549 601; x_wconf 88' lang='lat'>108</span> <span class='ocrx_word' id='word_1_2' title='bbox 921 530 1275 599; x_wconf 81' lang='lat' dir='ltr'>INSCRIPTIONES</span> <span class='ocrx_word' id='word_1_3' title='bbox 1297 532 1490 602; x_wconf 86' lang='lat' dir='ltr'><strong>GRAEOAE.</strong></span> <span class='ocrx_word' id='word_1_4' title='bbox 1616 540 1862 629; x_wconf 76' lang='lat' dir='ltr'>[mannoocxxi.</span> 
     </span>
    </p>
   </div>
   <div class='ocr_carea' id='block_1_2' title="bbox 485 712 1860 940">
    <p class='ocr_par' dir='ltr' id='par_1_2' title="bbox 485 712 1860 940">
     <span class='ocr_line' id='line_1_2' title="bbox 485 712 1860 820; baseline 0.001 -20"><span class='ocrx_word' id='word_1_5' title='bbox 485 723 573 800; x_wconf 77' lang='lat' dir='ltr'>ibin</span> <span class='ocrx_word' id='word_1_6' title='bbox 618 712 760 816; x_wconf 78' lang='grc' dir='ltr'>Πατρὶς</span> <span class='ocrx_word' id='word_1_7' title='bbox 775 719 814 792; x_wconf 92' lang='lat' dir='ltr'>in</span> <span class='ocrx_word' id='word_1_8' title='bbox 829 729 985 816; x_wconf 82' lang='lat' dir='ltr'><strong>utroque</strong></span> <span class='ocrx_word' id='word_1_9' title='bbox 1002 729 1059 794; x_wconf 80' lang='lat' dir='ltr'>eat</span> <span class='ocrx_word' id='word_1_10' title='bbox 1074 719 1158 794; x_wconf 82' lang='lat' dir='ltr'>arba</span> <span class='ocrx_word' id='word_1_11' title='bbox 1170 719 1304 820; x_wconf 78' lang='lat' dir='ltr'>patria,</span> <span class='ocrx_word' id='word_1_12' title='bbox 1322 733 1363 794; x_wconf 92' lang='lat' dir='ltr'>ut</span> <span class='ocrx_word' id='word_1_13' title='bbox 1380 722 1419 795; x_wconf 89' lang='lat' dir='ltr'>in</span> <span class='ocrx_word' id='word_1_14' title='bbox 1436 723 1535 798; x_wconf 71' lang='lat' dir='ltr'>Fano.</span> <span class='ocrx_word' id='word_1_15' title='bbox 1548 747 1587 798; x_wconf 91' lang='lat'>11.</span> <span class='ocrx_word' id='word_1_16' title='bbox 1606 753 1639 801; x_wconf 93' lang='lat' dir='ltr'>n.</span> <span class='ocrx_word' id='word_1_17' title='bbox 1650 751 1816 804; x_wconf 81' lang='lat' dir='ltr'>ccxavm.</span> <span class='ocrx_word' id='word_1_18' title='bbox 1832 734 1860 802; x_wconf 82' lang='lat'>7.</span> 
     </span>
     <span class='ocr_line' id='line_1_3' title="bbox 486 840 1362 940; baseline -0.003 -20"><span class='ocrx_word' id='word_1_19' title='bbox 486 859 523 920; x_wconf 84' lang='lat' dir='ltr'>et</span> <span class='ocrx_word' id='word_1_20' title='bbox 539 844 626 918; x_wconf 90' lang='lat' dir='ltr'>alibi</span> <span class='ocrx_word' id='word_1_21' title='bbox 644 841 847 940; x_wconf 80' lang='lat' dir='ltr'>aaepissime.</span> <span class='ocrx_word' id='word_1_22' title='bbox 892 840 947 916; x_wconf 87' lang='lat' dir='ltr'>cf.</span> <span class='ocrx_word' id='word_1_23' title='bbox 965 843 1166 939; x_wconf 74' lang='lat' dir='ltr'>prasertim</span> <span class='ocrx_word' id='word_1_24' title='bbox 1184 865 1362 919; x_wconf 80' lang='lat' dir='ltr'>cnxxxm.</span> 
     </span>
    </p>
   </div>
   <div class='ocr_carea' id='block_1_3' title="bbox 1040 1113 1317 1191">
    <p class='ocr_par' dir='ltr' id='par_1_3' title="bbox 1040 1113 1317 1191">
     <span class='ocr_line' id='line_1_4' title="bbox 1040 1113 1317 1191; baseline -0.007 -1"><span class='ocrx_word' id='word_1_25' title='bbox 1040 1113 1254 1191; x_wconf 88' lang='lat' dir='ltr'>CCCXXI.</span> <span class='ocrx_word' id='word_1_26' title='bbox 1282 1114 1317 1188; x_wconf 86' lang='lat' dir='ltr'>k.</span> 
     </span>
    </p>
   </div>
   <div class='ocr_carea' id='block_1_4' title="bbox 561 1280 1750 2255">
    <p class='ocr_par' dir='ltr' id='par_1_4' title="bbox 633 1280 1741 1579">
     <span class='ocr_line' id='line_1_5' title="bbox 635 1280 1583 1354; baseline 0.004 -4"><span class='ocrx_word' id='word_1_27' title='bbox 635 1280 918 1352; x_wconf 69' lang='grc' dir='ltr'><strong>ΣΤΕΦΑΝΟΥΣ</strong></span> <span class='ocrx_word' id='word_1_28' title='bbox 931 1333 1089 1350; x_wconf 93' lang='grc'>.....</span> <span class='ocrx_word' id='word_1_29' title='bbox 1103 1283 1583 1354; x_wconf 84' lang='grc' dir='ltr'>ΑΟΣΣΥΒΟΥΙΟΒΑΤΕΙΟ</span> 
     </span>
     <span class='ocr_line' id='line_1_6' title="bbox 633 1393 1741 1468; baseline 0.004 -5"><span class='ocrx_word' id='word_1_30' title='bbox 633 1393 1741 1468; x_wconf 84' lang='grc' dir='ltr'><strong>οΣΣΥΒΑΣΟΣΣΥΒΟΥΤΟΥΕΡΜΟΥΝΔΙΟΣΙΟΒΑΤΕΙΟΣ</strong></span> 
     </span>
     <span class='ocr_line' id='line_1_7' title="bbox 736 1505 1520 1579; baseline 0.005 -5"><span class='ocrx_word' id='word_1_31' title='bbox 736 1505 1520 1579; x_wconf 80' lang='grc' dir='ltr'>ΚΑΙΜΟΝΙΔΑΒΗΤΡΕΒΕΛΥΣΙΟΣΑΠΗ</span> 
     </span>
    </p>

    <p class='ocr_par' dir='ltr' id='par_1_5' title="bbox 634 1617 1696 1692">
     <span class='ocr_line' id='line_1_8' title="bbox 634 1617 1696 1692; baseline 0.005 -5"><span class='ocrx_word' id='word_1_32' title='bbox 634 1617 1696 1692; x_wconf 80' lang='grc' dir='ltr'>ΤΟΝΕΑΥΤΩΝΥΙΟΝΚΑΙΔΗΜΗΤΡΙΟΣΑΡΙΠΩΝΟΣ</span> 
     </span>
    </p>

    <p class='ocr_par' dir='ltr' id='par_1_6' title="bbox 561 1729 1750 2255">
     <span class='ocr_line' id='line_1_9' title="bbox 561 1729 1485 1804; baseline 0.002 -5"><span class='ocrx_word' id='word_1_33' title='bbox 561 1729 582 1799; x_wconf 88' lang='grc'><em>5</em></span> <span class='ocrx_word' id='word_1_34' title='bbox 637 1730 1485 1804; x_wconf 71' lang='grc' dir='ltr'>ΙΟΒΑΤΕΙΟΣΓΟΝΕΑΥΤΟΥΑΔΕΛΦΙΔΟΥΝ</span> 
     </span>
     <span class='ocr_line' id='line_1_10' title="bbox 635 1843 1669 1914; baseline 0.003 -4"><span class='ocrx_word' id='word_1_35' title='bbox 635 1843 1669 1914; x_wconf 82' lang='grc' dir='ltr'>ΚΑΙΡΩΜΟΣΔΗΜΗΤΡΙΟΥΑΣΤΙΚΟΣΤΟΝΕΑΥΤΟΥ</span> 
     </span>
     <span class='ocr_line' id='line_1_11' title="bbox 633 1956 1712 2028; baseline -0.001 -1"><span class='ocrx_word' id='word_1_36' title='bbox 633 1956 1712 2028; x_wconf 70' lang='grc' dir='ltr'>ΦΙΛΟΝΚΑΙΕΡΜΑΙΣΚΟΣΑΠΟΛΛΩΝΙΟΥΛΑΟΔΙΚΕΥΣ</span> 
     </span>
     <span class='ocr_line' id='line_1_12' title="bbox 632 2069 1647 2142; baseline 0.004 -4"><span class='ocrx_word' id='word_1_37' title='bbox 632 2069 1647 2142; x_wconf 86' lang='grc' dir='ltr'>ΤΟΝΕΑΥΤΩΝΠΡΟΣΤΑΤΗΝΣΤΡΑΤΗΓΗΣΑΝΤΑ</span> 
     </span>
     <span class='ocr_line' id='line_1_13' title="bbox 636 2182 1750 2255; baseline 0.002 -3"><span class='ocrx_word' id='word_1_38' title='bbox 636 2182 1750 2255; x_wconf 73' lang='grc' dir='ltr'>ΚΑΤΑΙἹΟΛΙΝΚΑΙΕΠΕΦΑΝΩΜΕΝΟΝΥΠΟΤΩΝΝΕΩΝ</span> 
     </span>
    </p>
   </div>
   <div class='ocr_carea' id='block_1_5' title="bbox 537 2292 1665 2589">
    <p class='ocr_par' dir='ltr' id='par_1_7' title="bbox 537 2292 1665 2589">
     <span class='ocr_line' id='line_1_14' title="bbox 537 2292 1665 2370; baseline 0.005 -9"><span class='ocrx_word' id='word_1_39' title='bbox 537 2292 582 2363; x_wconf 92' lang='grc'>10</span> <span class='ocrx_word' id='word_1_40' title='bbox 632 2293 1665 2370; x_wconf 65' lang='grc' dir='ltr'>ΦΙΛΟΙῚΟΝΙΑΕΙΚΟΝΙΧΑΛΚΗΚΑΙΧΡΥΣΩΣΤΕΦΑΝΩ</span> 
     </span>
     <span class='ocr_line' id='line_1_15' title="bbox 683 2402 1488 2479; baseline 0.006 -5"><span class='ocrx_word' id='word_1_41' title='bbox 683 2402 1488 2479; x_wconf 72' lang='grc' dir='ltr'>ΦΙΛΟΣΤΟΡΓΙΑΣΕΝΕΚΕΝΚΑΙΕΥΝΟΙΑΣ</span> 
     </span>
     <span class='ocr_line' id='line_1_16' title="bbox 891 2517 1229 2589; baseline 0.006 -4"><span class='ocrx_word' id='word_1_42' title='bbox 891 2517 1229 2589; x_wconf 85' lang='grc' dir='ltr'>ΤΗΣΕΙΣΑΥΤΟΝ</span> 
     </span>
    </p>
   </div>
   <div class='ocr_carea' id='block_1_6' title="bbox 433 2691 1860 3062">
    <p class='ocr_par' dir='ltr' id='par_1_8' title="bbox 433 2691 1860 3062">
     <span class='ocr_line' id='line_1_17' title="bbox 485 2691 1860 2802; baseline 0.002 -27"><span class='ocrx_word' id='word_1_43' title='bbox 485 2697 746 2802; x_wconf 80' lang='grc' dir='ltr'>Στεφανοῶσιν</span> <span class='ocrx_word' id='word_1_44' title='bbox 761 2741 958 2756; x_wconf 90' lang='lat'>·······</span> <span class='ocrx_word' id='word_1_45' title='bbox 974 2732 998 2776; x_wconf 86' lang='lat' dir='ltr'>a</span> <span class='ocrx_word' id='word_1_46' title='bbox 1011 2693 1215 2794; x_wconf 81' lang='grc' dir='ltr'>Ὀσσῶβου</span> <span class='ocrx_word' id='word_1_47' title='bbox 1233 2691 1441 2795; x_wconf 77' lang='grc' dir='ltr'>Ἰοβιίτειον</span> <span class='ocrx_word' id='word_1_48' title='bbox 1458 2697 1660 2798; x_wconf 78' lang='grc' dir='ltr'>Ὀσσιίβσς</span> <span class='ocrx_word' id='word_1_49' title='bbox 1670 2697 1860 2796; x_wconf 75' lang='grc' dir='ltr'>Ὀσοςίβου</span> 
     </span>
     <span class='ocr_line' id='line_1_18' title="bbox 433 2820 1860 2937; baseline 0.002 -30"><span class='ocrx_word' id='word_1_50' title='bbox 433 2843 439 2856; x_wconf 88' lang='grc'><em>“</em></span> <span class='ocrx_word' id='word_1_51' title='bbox 484 2831 551 2907; x_wconf 82' lang='grc' dir='ltr'>τοῦ</span> <span class='ocrx_word' id='word_1_52' title='bbox 568 2823 811 2931; x_wconf 82' lang='grc' dir='ltr'>Ἑρμούνδιος</span> <span class='ocrx_word' id='word_1_53' title='bbox 830 2820 1031 2924; x_wconf 82' lang='grc' dir='ltr'>Ἰοβοίτειος</span> <span class='ocrx_word' id='word_1_54' title='bbox 1064 2831 1125 2909; x_wconf 82' lang='grc' dir='ltr'>καὶ</span> <span class='ocrx_word' id='word_1_55' title='bbox 1156 2827 1357 2932; x_wconf 83' lang='grc' dir='ltr'>Μονιδαβὴ</span> <span class='ocrx_word' id='word_1_56' title='bbox 1376 2829 1634 2937; x_wconf 80' lang='grc' dir='ltr'>Τρεβελιίσιος</span> <span class='ocrx_word' id='word_1_57' title='bbox 1653 2831 1775 2936; x_wconf 52' lang='lat' dir='ltr'>&#39;Ami</span> <span class='ocrx_word' id='word_1_58' title='bbox 1803 2829 1860 2913; x_wconf 82' lang='grc' dir='ltr'>τὸν</span> 
     </span>
     <span class='ocr_line' id='line_1_19' title="bbox 483 2953 1858 3062; baseline 0 -22"><span class='ocrx_word' id='word_1_59' title='bbox 483 2962 622 3040; x_wconf 83' lang='grc' dir='ltr'>ἑαυτῶν</span> <span class='ocrx_word' id='word_1_60' title='bbox 641 2953 733 3055; x_wconf 81' lang='grc' dir='ltr'>υἱόν,</span> <span class='ocrx_word' id='word_1_61' title='bbox 753 2957 813 3038; x_wconf 81' lang='grc' dir='ltr'>καί</span> <span class='ocrx_word' id='word_1_62' title='bbox 827 2955 1042 3061; x_wconf 85' lang='grc' dir='ltr'>Δημήτριος</span> <span class='ocrx_word' id='word_1_63' title='bbox 1059 2955 1289 3062; x_wconf 77' lang='grc' dir='ltr'>Ἀρίστωνος</span> <span class='ocrx_word' id='word_1_64' title='bbox 1303 2953 1506 3055; x_wconf 84' lang='grc' dir='ltr'>Ἰοβοίτειος</span> <span class='ocrx_word' id='word_1_65' title='bbox 1523 2959 1591 3044; x_wconf 80' lang='grc' dir='ltr'>τὸν</span> <span class='ocrx_word' id='word_1_66' title='bbox 1611 2965 1741 3044; x_wconf 83' lang='grc' dir='ltr'>ἑαυτοῦ</span> <span class='ocrx_word' id='word_1_67' title='bbox 1760 2965 1858 3042; x_wconf 79' lang='grc' dir='ltr'>ἁδελ-</span> 
     </span>
    </p>
   </div>
   <div class='ocr_carea' id='block_1_7' title="bbox 483 3097 1860 3212">
    <p class='ocr_par' dir='ltr' id='par_1_9' title="bbox 483 3097 1860 3212">
     <span class='ocr_line' id='line_1_20' title="bbox 483 3097 1860 3212; baseline -0.006 -27"><span class='ocrx_word' id='word_1_68' title='bbox 483 3106 632 3212; x_wconf 83' lang='grc' dir='ltr'>φιδοῦν,</span> <span class='ocrx_word' id='word_1_69' title='bbox 662 3105 722 3183; x_wconf 87' lang='grc' dir='ltr'>καὶ</span> <span class='ocrx_word' id='word_1_70' title='bbox 751 3100 893 3203; x_wconf 85' lang='grc' dir='ltr'>Ῥῶμος</span> <span class='ocrx_word' id='word_1_71' title='bbox 922 3101 1143 3207; x_wconf 79' lang='grc' dir='ltr'>Δημητρίου</span> <span class='ocrx_word' id='word_1_72' title='bbox 1173 3100 1350 3188; x_wconf 76' lang='grc' dir='ltr'>Ἀστικῶς</span> <span class='ocrx_word' id='word_1_73' title='bbox 1385 3099 1452 3183; x_wconf 78' lang='grc' dir='ltr'>τὸν</span> <span class='ocrx_word' id='word_1_74' title='bbox 1485 3102 1616 3182; x_wconf 81' lang='grc' dir='ltr'>ἑαυτοῦ</span> <span class='ocrx_word' id='word_1_75' title='bbox 1646 3099 1776 3206; x_wconf 85' lang='grc' dir='ltr'>φίλον,</span> <span class='ocrx_word' id='word_1_76' title='bbox 1807 3097 1860 3178; x_wconf 74' lang='grc' dir='ltr'>καὶ</span> 
     </span>
    </p>
   </div>
   <div class='ocr_carea' id='block_1_8' title="bbox 481 3231 1859 3916">
    <p class='ocr_par' dir='ltr' id='par_1_10' title="bbox 481 3231 1859 3342">
     <span class='ocr_line' id='line_1_21' title="bbox 481 3231 1859 3342; baseline -0.001 -25"><span class='ocrx_word' id='word_1_77' title='bbox 481 3234 710 3342; x_wconf 80' lang='grc' dir='ltr'>Ἑρμαίσκος</span> <span class='ocrx_word' id='word_1_78' title='bbox 730 3233 994 3316; x_wconf 82' lang='grc' dir='ltr'>Ἀπολλωνίου</span> <span class='ocrx_word' id='word_1_79' title='bbox 1007 3231 1210 3322; x_wconf 77' lang='grc' dir='ltr'>Λαοδικεὺς</span> <span class='ocrx_word' id='word_1_80' title='bbox 1226 3233 1293 3317; x_wconf 81' lang='grc' dir='ltr'>τὸν</span> <span class='ocrx_word' id='word_1_81' title='bbox 1316 3239 1455 3317; x_wconf 83' lang='grc' dir='ltr'>ἑαυτῶν</span> <span class='ocrx_word' id='word_1_82' title='bbox 1478 3233 1712 3340; x_wconf 78' lang='grc' dir='ltr'>προστάτην,</span> <span class='ocrx_word' id='word_1_83' title='bbox 1732 3267 1859 3340; x_wconf 81' lang='grc' dir='ltr'>στρατ-</span> 
     </span>
    </p>

    <p class='ocr_par' dir='ltr' id='par_1_11' title="bbox 482 3365 1858 3477">
     <span class='ocr_line' id='line_1_22' title="bbox 482 3365 1858 3477; baseline -0.004 -27"><span class='ocrx_word' id='word_1_84' title='bbox 482 3367 680 3472; x_wconf 84' lang='grc' dir='ltr'>ηγήσαντα</span> <span class='ocrx_word' id='word_1_85' title='bbox 698 3366 792 3449; x_wconf 78' lang='grc' dir='ltr'>κατὰ</span> <span class='ocrx_word' id='word_1_86' title='bbox 809 3365 925 3450; x_wconf 83' lang='grc' dir='ltr'>πόλιν</span> <span class='ocrx_word' id='word_1_87' title='bbox 943 3371 1003 3449; x_wconf 83' lang='grc' dir='ltr'>καὶ</span> <span class='ocrx_word' id='word_1_88' title='bbox 1023 3369 1332 3477; x_wconf 78' lang='grc' dir='ltr'>ἐστεφανωμένον</span> <span class='ocrx_word' id='word_1_89' title='bbox 1351 3367 1423 3450; x_wconf 79' lang='grc' dir='ltr'>ὑπὸ</span> <span class='ocrx_word' id='word_1_90' title='bbox 1444 3366 1528 3475; x_wconf 82' lang='grc' dir='ltr'>(τη)</span> <span class='ocrx_word' id='word_1_91' title='bbox 1547 3374 1621 3450; x_wconf 88' lang='grc' dir='ltr'>τῶν</span> <span class='ocrx_word' id='word_1_92' title='bbox 1646 3367 1736 3448; x_wconf 81' lang='grc' dir='ltr'>νέων</span> <span class='ocrx_word' id='word_1_93' title='bbox 1758 3374 1858 3474; x_wconf 80' lang='grc' dir='ltr'>φιλο·</span> 
     </span>
    </p>

    <p class='ocr_par' dir='ltr' id='par_1_12' title="bbox 483 3493 1859 3733">
     <span class='ocr_line' id='line_1_23' title="bbox 483 3493 1859 3608; baseline -0.001 -28"><span class='ocrx_word' id='word_1_94' title='bbox 483 3498 608 3603; x_wconf 80' lang='grc' dir='ltr'>πονίρ,</span> <span class='ocrx_word' id='word_1_95' title='bbox 629 3494 742 3580; x_wconf 82' lang='grc' dir='ltr'>είκόνι</span> <span class='ocrx_word' id='word_1_96' title='bbox 769 3501 894 3604; x_wconf 78' lang='grc' dir='ltr'>χαλκῇ</span> <span class='ocrx_word' id='word_1_97' title='bbox 922 3501 983 3580; x_wconf 83' lang='grc' dir='ltr'>καὶ</span> <span class='ocrx_word' id='word_1_98' title='bbox 1004 3503 1137 3608; x_wconf 80' lang='grc' dir='ltr'>χρυσῶ</span> <span class='ocrx_word' id='word_1_99' title='bbox 1157 3497 1347 3608; x_wconf 78' lang='grc' dir='ltr'>στεφάνῳ,</span> <span class='ocrx_word' id='word_1_100' title='bbox 1367 3499 1644 3607; x_wconf 76' lang='grc' dir='ltr'>φιλοστοργίας</span> <span class='ocrx_word' id='word_1_101' title='bbox 1671 3501 1791 3581; x_wconf 78' lang='grc' dir='ltr'>ἕνεκεν</span> <span class='ocrx_word' id='word_1_102' title='bbox 1808 3493 1859 3578; x_wconf 79' lang='grc' dir='ltr'>καί</span> 
     </span>
     <span class='ocr_line' id='line_1_24' title="bbox 959 3628 1401 3733; baseline 0 -23"><span class='ocrx_word' id='word_1_103' title='bbox 959 3630 1102 3717; x_wconf 78' lang='grc' dir='ltr'>εὐνοίας</span> <span class='ocrx_word' id='word_1_104' title='bbox 1121 3637 1187 3733; x_wconf 77' lang='grc' dir='ltr'>τῆς</span> <span class='ocrx_word' id='word_1_105' title='bbox 1207 3637 1258 3718; x_wconf 85' lang='grc' dir='ltr'>είς</span> <span class='ocrx_word' id='word_1_106' title='bbox 1275 3628 1401 3714; x_wconf 79' lang='grc' dir='ltr'>αὐτόν.</span> 
     </span>
    </p>

    <p class='ocr_par' dir='ltr' id='par_1_13' title="bbox 558 3816 1859 3916">
     <span class='ocr_line' id='line_1_25' title="bbox 558 3816 1859 3916; baseline -0.003 -24"><span class='ocrx_word' id='word_1_107' title='bbox 558 3818 704 3894; x_wconf 82' lang='lat' dir='ltr'>Titulus</span> <span class='ocrx_word' id='word_1_108' title='bbox 721 3843 771 3892; x_wconf 84' lang='lat' dir='ltr'>ex</span> <span class='ocrx_word' id='word_1_109' title='bbox 787 3817 1044 3916; x_wconf 85' lang='lat' dir='ltr'>insignioribus</span> <span class='ocrx_word' id='word_1_110' title='bbox 1062 3817 1158 3914; x_wconf 81' lang='lat' dir='ltr'>apud</span> <span class='ocrx_word' id='word_1_111' title='bbox 1176 3841 1294 3892; x_wconf 84' lang='lat' dir='ltr'>arcem</span> <span class='ocrx_word' id='word_1_112' title='bbox 1312 3816 1513 3890; x_wconf 79' lang='lat' dir='ltr'>Xanthiam</span> <span class='ocrx_word' id='word_1_113' title='bbox 1530 3817 1742 3916; x_wconf 78' lang='lat' dir='ltr'>descriptus.</span> <span class='ocrx_word' id='word_1_114' title='bbox 1771 3816 1859 3894; x_wconf 87' lang='lat' dir='ltr'>Vide</span> 
     </span>
    </p>
   </div>
   <div class='ocr_carea' id='block_1_9' title="bbox 481 3935 1859 4156">
    <p class='ocr_par' dir='ltr' id='par_1_14' title="bbox 481 3935 1859 4156">
     <span class='ocr_line' id='line_1_26' title="bbox 481 3935 1858 4037; baseline -0.006 -23"><span class='ocrx_word' id='word_1_115' title='bbox 481 3962 617 4037; x_wconf 84' lang='lat' dir='ltr'>argum.</span> <span class='ocrx_word' id='word_1_116' title='bbox 634 3936 681 4011; x_wconf 88' lang='lat' dir='ltr'>ad</span> <span class='ocrx_word' id='word_1_117' title='bbox 697 3959 858 4012; x_wconf 86' lang='lat' dir='ltr'>cccxvn.</span> <span class='ocrx_word' id='word_1_118' title='bbox 877 3961 975 4034; x_wconf 88' lang='lat' dir='ltr'><strong>supr.</strong></span> <span class='ocrx_word' id='word_1_119' title='bbox 1027 3936 1189 4010; x_wconf 87' lang='lat' dir='ltr'>Marmor</span> <span class='ocrx_word' id='word_1_120' title='bbox 1208 3949 1286 4010; x_wconf 83' lang='lat' dir='ltr'>erat</span> <span class='ocrx_word' id='word_1_121' title='bbox 1310 3935 1472 4034; x_wconf 81' lang='lat' dir='ltr'>fragmen</span> <span class='ocrx_word' id='word_1_122' title='bbox 1498 3937 1593 4010; x_wconf 81' lang='lat' dir='ltr'>basis</span> <span class='ocrx_word' id='word_1_123' title='bbox 1617 3947 1746 4010; x_wconf 75' lang='lat' dir='ltr'>statuae</span> <span class='ocrx_word' id='word_1_124' title='bbox 1763 3957 1858 4034; x_wconf 87' lang='lat' dir='ltr'>quam</span> 
     </span>
     <span class='ocr_line' id='line_1_27' title="bbox 481 4055 1859 4156; baseline -0.002 -25"><span class='ocrx_word' id='word_1_125' title='bbox 481 4061 520 4132; x_wconf 93' lang='lat' dir='ltr'>in</span> <span class='ocrx_word' id='word_1_126' title='bbox 543 4056 718 4131; x_wconf 86' lang='lat' dir='ltr'>honorem</span> <span class='ocrx_word' id='word_1_127' title='bbox 747 4055 937 4154; x_wconf 81' lang='lat' dir='ltr'>cujusdam</span> <span class='ocrx_word' id='word_1_128' title='bbox 962 4055 1110 4130; x_wconf 84' lang='lat' dir='ltr'>Jobatei</span> <span class='ocrx_word' id='word_1_129' title='bbox 1136 4055 1398 4130; x_wconf 81' lang='lat' dir='ltr'>constituerant</span> <span class='ocrx_word' id='word_1_130' title='bbox 1424 4067 1591 4153; x_wconf 83' lang='lat' dir='ltr'>parentes</span> <span class='ocrx_word' id='word_1_131' title='bbox 1614 4057 1693 4152; x_wconf 81' lang='lat' dir='ltr'>ejus</span> <span class='ocrx_word' id='word_1_132' title='bbox 1712 4057 1859 4156; x_wconf 78' lang='lat' dir='ltr'>ossyba</span> 
     </span>
    </p>
   </div>
   <div class='ocr_carea' id='block_1_10' title="bbox 480 4175 1941 4392">
    <p class='ocr_par' dir='ltr' id='par_1_15' title="bbox 480 4175 1941 4392">
     <span class='ocr_line' id='line_1_28' title="bbox 480 4175 1941 4274; baseline -0.008 -20"><span class='ocrx_word' id='word_1_133' title='bbox 480 4178 659 4254; x_wconf 76' lang='lat' dir='ltr'>‹Iobateus</span> <span class='ocrx_word' id='word_1_134' title='bbox 686 4189 724 4249; x_wconf 81' lang='lat' dir='ltr'>et</span> <span class='ocrx_word' id='word_1_135' title='bbox 752 4175 952 4250; x_wconf 80' lang='lat' dir='ltr'>Monidaba</span> <span class='ocrx_word' id='word_1_136' title='bbox 978 4180 1081 4263; x_wconf 82' lang='lat' dir='ltr'>Asta,</span> <span class='ocrx_word' id='word_1_137' title='bbox 1105 4189 1289 4274; x_wconf 83' lang='lat' dir='ltr'>sumptum</span> <span class='ocrx_word' id='word_1_138' title='bbox 1317 4200 1390 4250; x_wconf 84' lang='lat' dir='ltr'>una</span> <span class='ocrx_word' id='word_1_139' title='bbox 1419 4199 1512 4262; x_wconf 60' lang='lat' dir='ltr'>aum,</span> <span class='ocrx_word' id='word_1_140' title='bbox 1529 4176 1574 4250; x_wconf 82' lang='lat' dir='ltr'>iia</span> <span class='ocrx_word' id='word_1_141' title='bbox 1600 4176 1858 4254; x_wconf 80' lang='lat' dir='ltr'>conserentibus</span> <span class='ocrx_word' id='word_1_142' title='bbox 1940 4215 1941 4222; x_wconf 24' lang='grc' dir='ltr'><strong>κ</strong></span> 
     </span>
     <span class='ocr_line' id='line_1_29' title="bbox 480 4295 1857 4392; baseline -0.005 -19"><span class='ocrx_word' id='word_1_143' title='bbox 480 4296 660 4373; x_wconf 78' lang='lat' dir='ltr'>ammeulo</span> <span class='ocrx_word' id='word_1_144' title='bbox 677 4298 755 4392; x_wconf 88' lang='lat' dir='ltr'><strong>ejus</strong></span> <span class='ocrx_word' id='word_1_145' title='bbox 773 4296 962 4370; x_wconf 82' lang='lat' dir='ltr'>Demetrio</span> <span class='ocrx_word' id='word_1_146' title='bbox 978 4297 1146 4386; x_wconf 79' lang='lat' dir='ltr'>Jobateo,</span> <span class='ocrx_word' id='word_1_147' title='bbox 1163 4297 1280 4373; x_wconf 85' lang='lat' dir='ltr'>amico</span> <span class='ocrx_word' id='word_1_148' title='bbox 1292 4296 1433 4384; x_wconf 84' lang='lat' dir='ltr'>Astico,</span> <span class='ocrx_word' id='word_1_149' title='bbox 1450 4307 1488 4370; x_wconf 85' lang='lat' dir='ltr'>et</span> <span class='ocrx_word' id='word_1_150' title='bbox 1503 4295 1635 4370; x_wconf 84' lang='lat' dir='ltr'>cliente</span> <span class='ocrx_word' id='word_1_151' title='bbox 1646 4297 1857 4378; x_wconf 81' lang='lat' dir='ltr'>Hermaiam,</span> 
     </span>
    </p>
   </div>
   <div class='ocr_carea' id='block_1_11' title="bbox 0 0 1964 5240">
    <p class='ocr_par' dir='ltr' id='par_1_16' title="bbox 0 0 1964 5240">
     <span class='ocr_line' id='line_1_30' title="bbox 0 0 1964 5240; baseline 0 2"><span class='ocrx_word' id='word_1_152' title='bbox 0 0 1964 5240; x_wconf 95' lang='lat' dir='ltr'> </span> 
     </span>
    </p>
   </div>
  </div>
 </body>
</html>
