3918 5240
455 495 517 560 100
855 491 1209 560 INSORIPTIONES
1232 491 1426 558 GRAECAE.
1604 493 1725 582 [rusca.
1737 516 1846 560 cccxv.

455 691 629 770 Κλαυδία
668 686 822 790 Tanau)
861 689 955 772 κατὰ
993 685 1062 790 τὴν
1100 688 1279 791 διαθήκην
1323 692 1622 796 ἀπολειφθεῖσαν
1665 685 1738 769 ὑπὸ
1782 695 1847 767 τοῦ

455 819 598 926 πατρὸς
617 824 729 921 αὐτῆς
752 825 1003 920 Κλανδιανοῦ,
1024 823 1090 902 τοῦ
1111 821 1305 926 εὐεργέτου
1335 824 1395 902 καὶ
1426 821 1540 901 αὐτοῦ
1566 825 1632 920 τῆς
1655 823 1846 924 πατρίδος.

530 1055 786 1150 Fragmentum
819 1053 920 1124 tituli
943 1051 1167 1148 descriptum
1191 1051 1236 1124 de
1255 1049 1382 1124 eodem
1403 1048 1524 1146 lapide
1548 1049 1611 1144 qui
1634 1049 1846 1145 complexus

455 1189 510 1249 est
536 1174 660 1247 laudes
680 1172 828 1245 Domini
846 1174 924 1268 ejus
941 1173 1163 1269 imperatorii
1180 1171 1493 1244 commemorantis
1513 1167 1678 1254 Sextum,
1696 1195 1780 1242 eum
1798 1171 1846 1241 ni·

455 1298 585 1370 mirum
603 1295 667 1390 qui
684 1295 721 1366 in
740 1294 854 1368 titulis
871 1296 1078 1394 praegressis
1098 1295 1290 1367 decoratur
1303 1317 1451 1365 munere
1467 1291 1595 1389 Legati
1606 1291 1844 1388 Propraetore.

456 1419 515 1494 Ob
532 1417 813 1490 benivolentiam
831 1420 909 1514 ejus
927 1443 1013 1516 erga
1030 1417 1213 1490 Xanthios
1231 1415 1377 1514 quidam
1394 1414 1639 1514 (Claudianus
1649 1415 1685 1509 l)
1703 1439 1770 1511 per
1783 1428 1845 1488 tes·

455 1550 652 1610 tamentum
666 1538 824 1633 jusserat
841 1539 950 1612 filiam
968 1553 1005 1612 et
1023 1539 1193 1612 heredem
1207 1537 1397 1614 Claudiam
1418 1536 1618 1636 (Titianam
1631 1534 1667 1634 ?)
1681 1549 1724 1610 ut
1740 1537 1845 1633 hujus

455 1655 718 1730 recordationis
736 1655 804 1728 viri
822 1656 912 1729 adeo
931 1658 1055 1730 dilecti
1073 1656 1315 1730 monstrandae
1332 1681 1455 1729 curam
1474 1657 1680 1754 susciperet

532 1775 725 1849 Videbunt
750 1777 902 1851 studiosi
927 1803 1036 1874 quam
1063 1779 1246 1852 diversum
1275 1780 1322 1852 sit
1347 1765 1511 1851 nostrum
1539 1789 1791 1875 argumentum
1814 1779 1846 1850 ei

456 1895 556 1993 quod
581 1897 734 1993 protulit
759 1921 792 1969 v.
812 1897 846 1970 d.
867 1899 1007 1972 Franz.t
1026 1901 1295 1998 exemplaribus
1318 1899 1434 1972 fretus
1460 1897 1745 1970 mendosissimis
1772 1899 1847 1972 Fel-

456 2015 573 2088 lowsii
586 2027 623 2087 et
635 2015 888 2090 Sebbnbornii.
926 2017 1033 2090 Edita
1044 2019 1152 2091 video
1163 2019 1200 2091 in
1212 2045 1246 2091 v.
1264 2021 1296 2090 1.
1312 2022 1841 2091 ΜΑΒΑΣΤΩΝΣΕΣΤΟΥΟΥ.

458 2135 501 2208 In
520 2137 553 2208 2.
573 2139 750 2209 ΟΛΣΟΣ.
804 2135 847 2209 ln
867 2137 898 2209 3.
918 2137 997 2210 init.
1015 2143 1150 2212 ΛΕΟΣ.
1204 2140 1248 2210 In
1266 2140 1298 2210 4.
1318 2137 1386 2210 snb
1412 2135 1438 2208 s.
1456 2139 1736 2212 ΑΠΟΛΕΙΦΩΕ
1790 2139 1844 2210 Ex

456 2261 512 2333 his
529 2261 625 2333 eruit
642 2261 698 2332 Fr.
718 2283 815 2356 seqq.
834 2249 913 2333 Τὸν
932 2257 1036 2334 δεῖνα
1054 2261 1134 2360 (vel
1155 2275 1196 2336 ut
1216 2263 1254 2336 in
1278 2275 1374 2356 nota,
1392 2251 1554 2358 Μάρκον
1573 2249 1736 2333 Βάσσον
1756 2251 1845 2360 Σέξ-

456 2412 549 2458 του·
566 2424 579 2438 -
596 2423 610 2438 ·
624 2377 844 2478 τειμηθέντα
867 2374 958 2482 ὑπὸ)
978 2384 1043 2480 τῆς
1067 2376 1335 2484 μητροπόλεως
1359 2413 1394 2460 κ.
1410 2413 1444 2458 τ.
1462 2387 1500 2456 λ.
1540 2385 1637 2478 Dein
1650 2385 1688 2458 in
1701 2387 1769 2460 ult.
1781 2411 1846 2460 ma·

456 2511 536 2584 vult
552 2534 684 2583 nomen
702 2499 923 2583 Ἰονλιανοῦ.

531 2631 585 2702 Ro
603 2629 681 2726 ipsa
697 2627 758 2701 bic
770 2627 898 2704 Sextus
914 2629 1011 2703 idem
1029 2641 1084 2703 est
1101 2654 1184 2704 cum
1201 2628 1316 2704 Se'xto
1329 2629 1468 2704 Marcio
1482 2629 1608 2704 Prisco
1626 2631 1690 2726 qui
1706 2629 1845 2730 legatus

454 2760 675 2847 propraetore
708 2748 825 2822 fuerat
852 2750 1158 2847 Vespasianorum
1193 2754 1363 2848 (cooxnr.
1399 2751 1507 2848 seq.).
1542 2751 1695 2849 proinde
1730 2752 1846 2826 dictus

457 2861 704 2972 Πρεσβευτὴς
723 2866 784 2946 καὶ
802 2864 1121 2972 Ἀντιστροὶτηγος
1135 2871 1351 2965 Σεβαστῶν,
1365 2901 1438 2948 non
1456 2901 1539 2950 sane
1557 2901 1631 2950 uno
1648 2875 1845 2974 eodemque

458 3007 631 3093 tempore,
657 3019 740 3068 nam
769 2995 874 3068 Titus
898 3009 999 3092 patre
1027 2997 1218 3094 superstite
1241 3022 1374 3070 munus
1399 3023 1579 3070 summum
1605 3023 1678 3070 non
1703 2997 1846 3082 adierat

458 3115 523 3188 sed
539 3115 740 3190 continenti
766 3118 992 3191 successione
1015 3143 1113 3192 nunc
1130 3117 1239 3216 hujus
1257 3119 1342 3192 dein
1359 3120 1515 3193 alterius.
1570 3121 1649 3196 Stat
1664 3145 1774 3218 porro
1790 3119 1846 3193 hic

458 3260 675 3334 praenomen,
694 3237 824 3312 ceteris
851 3238 1062 3324 subauditis
1079 3251 1122 3312 ut
1149 3239 1437 3337 Stephancphori
1464 3241 1502 3313 in
1530 3253 1640 3314 nostr.
1663 3263 1754 3316 cv11.
1807 3242 1846 3313 ln

459 3383 491 3432 v.
511 3361 545 3432 3.
568 3358 757 3456 probabile
781 3383 864 3432 reor
879 3367 1090 3448 ΤΙΤΙΑΝΗ,
1107 3361 1242 3436 factum
1266 3386 1365 3435 more
1385 3361 1524 3435 solenni
1542 3386 1590 3434 ex
1607 3362 1844 3459 imperatorio.

460 3481 504 3552 In
521 3478 587 3551 ult.
607 3476 654 3550 ad
673 3483 977 3553 ΚΛΑΥΔΙΑΝΟΥ
994 3481 1203 3578 propendeo
1219 3493 1366 3578 propter
1388 3486 1587 3555 ΚΛΑΥΔΙΑ
1601 3481 1639 3554 in
1651 3507 1685 3554 v.
1700 3483 1733 3555 3.

535 3597 647 3670 Hunc
664 3596 810 3670 titulum
839 3610 1025 3694 nuncupat
1050 3600 1107 3670 Fr.
1128 3598 1393 3671 “honorarium
1420 3597 1649 3695 eundemque
1676 3599 1847 3697 sepulcra·

462 3717 564 3791 lem.”
622 3717 777 3814 Accipio
811 3717 920 3816 prius.
990 3721 1190 3816 Inscriptus
1223 3719 1342 3794 suerat
1374 3720 1412 3792 in
1445 3718 1706 3818 hyperthyride
1738 3731 1847 3818 porta

462 3834 645 3922 Xanthiae,
663 3859 776 3932 quum
798 3837 874 3932 jam
902 3837 1037 3914 Sextus
1060 3837 1177 3912 officio
1202 3837 1348 3913 functus
1371 3837 1431 3911 vel
1455 3863 1477 3912 a
1502 3838 1615 3938 Lycia
1639 3837 1846 3913 discesserat

462 3956 522 4030 vel
539 3954 763 4030 discessurus
781 3967 868 4044 erat,
886 3957 934 4032 ad
951 3959 1236 4034 conservandam
1254 3961 1332 4056 ejus
1349 3959 1567 4033 memoriam.

660 4211 668 4238 ⁸
682 4211 743 4270 Ubi
757 4231 856 4289 supra,
871 4232 898 4290 p.
912 4216 975 4276 150.
989 4233 1018 4274 n.
1030 4213 1117 4280 4276.
1140 4217 1206 4278 Lac
1218 4219 1349 4278 Fellorrs.
1363 4228 1407 4278 est
1420 4218 1642 4298 p.411.n.164.
