3918 5240
112 563 214 608 rusca.
229 547 392 628 cccrum]
621 551 623 556 '
739 541 886 608 SIDON.
1440 547 1503 612 143

114 731 266 805 Severus
283 728 390 803 brevi
406 727 599 803 adortums
610 729 754 804 Mabas
768 731 1050 829 Mesopotamia,
1064 755 1155 828 quos
1173 757 1276 828 aeque
1293 757 1335 806 ac
1349 733 1502 808 Parthos

113 851 215 949 Nigri
231 849 396 948 partibus
414 848 595 924 studuisse
613 851 731 948 palam
749 849 932 948 professus
950 863 1033 926 est'.
1069 852 1153 926 Hoc
1167 851 1325 928 dixerim
1339 867 1501 952 tempore

111 971 183 1044 vias
200 969 312 1044 fuisse
330 970 545 1044 instauratas
562 993 680 1064 eoque
697 967 769 1042 fine
786 983 829 1046 ut
844 968 985 1044 facilior
1001 971 1174 1046 transitus
1191 973 1371 1048 exercitui
1387 973 1500 1062 fieret,

111 1090 305 1186 presertim
319 1112 432 1185 quum
446 1090 520 1186 jam
538 1089 690 1162 instaret
705 1087 847 1164 hiems¹.
891 1089 1000 1178 Hinc,
1013 1102 1055 1164 ut
1071 1090 1119 1164 ad
1135 1091 1261 1166 titulos
1278 1093 1500 1182 accedamus,

111 1210 312 1308 explicatur
333 1208 520 1285 Parthicus
536 1210 575 1282 in
592 1235 625 1281 v.
639 1212 660 1281 7
663 1267 680 1296 .,
698 1234 720 1284 a
737 1234 811 1305 quo
827 1210 1055 1286 notissimum
1075 1223 1132 1286 est
1156 1213 1416 1310 Imperatorem
1443 1239 1501 1290 au·

112 1345 166 1405 tea
194 1331 411 1406 abstinuisse
437 1355 483 1404 ne
507 1329 725 1404 Parthorum
753 1331 892 1404 animos
919 1331 1110 1406 lacesseret
1137 1343 1307 1428 tanquam
1335 1333 1500 1410 cladibus

110 1475 233 1528 sorum
259 1451 462 1524 insultans&
515 1450 628 1524 Hunc
651 1451 845 1548 repetitum
863 1449 1039 1539 videmus,
1057 1450 1155 1526 bello
1171 1450 1327 1528 feliciter
1343 1469 1498 1552 peracto,

110 1585 325 1668 auctumque
342 1571 382 1644 in
399 1571 514 1668 majus
532 1569 676 1666 adjecto
689 1566 899 1644 Mucimua'.

182 1692 369 1769 Cumulati
385 1690 530 1766 fuerant
546 1716 567 1765 a
582 1690 718 1766 Senatu
731 1691 828 1765 tituli
838 1690 1027 1783 Arabicus,
1039 1689 1287 1780 Adiabenicus,
1303 1689 1498 1780 Parthicae,

110 1813 145 1884 in
162 1838 240 1886 ann
257 1813 302 1890 U.
311 1812 352 1888 C.
366 1815 448 1886 948.
462 1811 587 1910 epoch
596 1825 708 1887 nostr.
719 1815 890 1910 195.post
900 1813 1039 1888 bellum
1053 1839 1137 1888 cum
1146 1815 1332 1890 Arabibus
1344 1815 1499 1892 etAdia-

110 1934 223 2007 benis·
239 1931 286 2006 ad
308 1931 418 2006 finem
445 1931 672 2030 perductum,
695 1932 838 2027 quibus,
856 1941 897 2004 ιιι
914 1931 1094 2027 conjicere
1119 1930 1173 2006 ias
1191 1930 1269 2019 esth,
1287 1957 1393 2031 opem
1411 1935 1501 2008 tule-

108 2059 188 2120 rant
203 2043 357 2138 finium,
374 2044 414 2118 id
431 2068 518 2117 vero
536 2043 689 2132 occulte,
706 2067 819 2140 quum
837 2067 911 2140 pax
927 2041 1038 2118 suerit
1053 2041 1127 2117 illis
1146 2043 1265 2141 specis
1292 2057 1397 2120 tenus
1414 2071 1497 2120 cum

113 2165 291 2240 Romanis
342 2163 443 2238 Hinc
459 2163 602 2260 injuria
625 2185 760 2247 sensus,
778 2186 887 2258 quem
905 2185 1119 2260 expressum
1137 2163 1303 2238 videmus
1320 2165 1359 2238 in
1377 2189 1500 2240 monu-

109 2288 236 2362 mentis
253 2298 292 2361 et
310 2286 465 2360 nummis
483 2309 638 2382 quorum
656 2283 852 2384 epigraphe
869 2295 990 2370 restat,
1010 2289 1156 2359 ΡΑΒΤ.
1174 2291 1325 2360 ΑΜΒ.
1347 2292 1493 2361 ΡΑΒΤ.

110 2413 281 2483 ΑΟΙΑΒ.ο

185 2527 275 2603 Pius
291 2528 331 2602 in
348 2552 382 2599 v.
395 2528 428 2599 4.
446 2524 548 2600 audit
566 2523 733 2612 Severus,
758 2523 822 2621 qui
848 2548 885 2598 se
912 2523 1090 2598 adscitum
1108 2523 1254 2598 volebat
1270 2525 1308 2598 in
1326 2524 1498 2602 familiam

109 2649 378 2724 Antoninorum
401 2672 468 2746 per
480 2647 710 2745 adoptionem
725 2657 1000 2744 praeposteram
1027 2671 1109 2742 quae
1125 2645 1295 2720 nimirum
1313 2657 1391 2720 rata
1406 2644 1501 2722 facta

109 2783 160 2842 est
177 2769 386 2868 quindecim
403 2769 505 2844 annis
522 2781 605 2868 post
623 2769 675 2842 M.
688 2767 882 2843 Aurelium
906 2765 1003 2840 facto
1020 2763 1242 2840 defunctum.
1295 2765 1385 2840 Ideo
1403 2766 1500 2840 vide·

108 2913 185 2964 mus
200 2891 239 2964 in
256 2891 414 2966 nummis
438 2891 523 2964 anni
547 2887 753 2987 supradicti,
781 2891 868 2962 otvt
886 2940 896 2960 .
915 2894 950 2960 Μ
968 2939 978 2959 .
997 2891 1051 2961 ΡΙΙ
1069 2939 1079 2959 .
1099 2885 1165 2972 ft,
1192 2898 1231 2959 et
1255 2887 1293 2960 in
1320 2911 1498 2962 marmore

107 3011 238 3108 insigni
255 3010 361 3106 cujus
378 3007 609 3109 epigraphem
633 3002 671 3080 in
690 3005 840 3083 Gruteri
863 3005 958 3078 libro
975 3004 1097 3102 legere
1119 3016 1174 3080 est
1196 3005 1399 3103 prosapiam
1418 3030 1499 3080 con·

108 3131 240 3205 tinuam
259 3155 282 3204 a
297 3131 420 3204 Nerva
436 3129 652 3203 deductam‘.

144 3359 253 3418 'Confi
268 3357 354 3416 Dion
369 3372 457 3414 nxxv.
472 3361 500 3421 9.
510 3375 532 3413 s.
561 3353 719 3412 Herodian.
731 3369 772 3409 nr.
863 3349 959 3418 Ἠοο,
987 3348 1034 3407 vel
1068 3345 1236 3423 exemplum
1270 3355 1423 3422 sequutus,
1452 3343 1499 3403 vel

106 3457 132 3516 9.
144 3455 210 3512 init
250 3453 389 3530 Spartiau
402 3451 638 3518 insererem
678 3449 773 3509 Nam·
824 3451 1017 3518 emulatione,
1033 3449 1126 3508 Marci
1145 3447 1268 3508 Aurelii.
1319 3447 1402 3507 Confi
1417 3465 1497 3525 supr.

106 3571 164 3611 mos
177 3563 208 3612 et
217 3565 351 3629 tempora
359 3549 714 3610 ccmtitutsdatssclrhsl.
722 3549 776 3608 ubi
828 3567 986 3610 cccxxxv.
997 3554 1024 3610 3.

107 3669 184 3729 supr.
197 3671 226 3730 p.
240 3650 305 3715 177.
319 3670 345 3708 a.
866 3660 877 3684 ⁸
892 3649 974 3709 Conl
989 3649 1075 3706 Dion.
1089 3664 1181 3706 cxxv.
1199 3649 1224 3704 l.
1239 3665 1261 3704 s

144 3751 270 3810 'Verba
288 3758 360 3810 sunt
377 3748 543 3827 Spartiani:
564 3747 673 3808 Aestate
688 3747 777 3824 ipim
865 3749 1070 3825 lconjecturs
1092 3757 1137 3806 est
1157 3744 1293 3804 Eclrhslii
1309 3743 1498 3804 Tillemcntio

102 3852 162 3922 jum
173 3859 281 3909 mma
293 3848 347 3927 (sc.
361 3848 400 3908 U.
415 3849 447 3907 C.
461 3846 544 3923 951.)
565 3845 712 3906 Paruum
731 3846 774 3903 ic·
826 3847 873 3926 (in
886 3846 985 3906 Seuer.
1007 3864 1035 3922 p.
1049 3843 1113 3919 60.)
1127 3842 1319 3920 suggerentis
1342 3841 1412 3901 Vid.
1426 3851 1495 3902 tom.

106 3967 210 4022 m
233 3947 436 4024 etapium
453 3945 536 4022 pulso
554 3963 623 4022 repe,
640 3945 774 4021 mit,
825 3963 877 4005 vrr.
891 3965 919 4023 p.
933 3943 997 4010 172.
1012 3945 1041 4004 b.

107 4057 129 4106 α
149 4050 216 4125 ιερὰ
236 4047 346 4107 hinnuli
362 4065 450 4122 prope
469 4055 604 4122 unapcn:
624 4045 685 4104 hec
703 4045 736 4103 in
748 4064 774 4103 c.
864 4043 1133 4104 eDshucformula
1145 4041 1181 4100 cs.
1196 4039 1317 4100 Eclrhel.
1330 4041 1385 4100 ubi
1399 4060 1496 4118 supra.

109 4164 180 4208 xvu.
220 4147 330 4208 Statim
352 4147 570 4224 subsequutum
593 4155 638 4206 est
662 4145 774 4204 bellum
827 4143 946 4203 Gruter.
959 4140 1097 4217 Iuam'ptt
1111 4158 1139 4216 p.
1150 4153 1257 4198 coam.
1276 4139 1299 4196 l.

108 4247 320 4308 maerente
864 4240 1010 4300 dEchhel
1022 4239 1087 4298 itta
1102 4259 1130 4316 p.
1144 4236 1247 4302 llab.

147 4357 157 4389 ⁷
171 4346 254 4406 conf.
268 4345 414 4423 spartian
428 4343 493 4402 itta
507 4363 531 4402 c.
544 4360 584 4402 m
865 4351 874 4374 ²
888 4340 951 4400 Ubi
960 4357 1058 4416 supra,
1068 4357 1096 4415 p.
1106 4353 1149 4396 cu.
1160 4341 1189 4400 5.
1210 4336 1292 4396 Confi
1304 4335 1389 4396 Dion.
1402 4351 1494 4392 nxxv.

791 4455 810 4498 r
828 4437 846 4498 2
