3918 5240
104 548 305 634 usercam]
625 545 946 612 ALEXANDRIA.
1423 549 1484 614 149

80 736 142 808 iad
158 749 295 809 aetatem
316 734 442 811 Severi
459 759 591 808 vesana
613 733 676 808 illa
702 733 748 808 de
766 733 931 809 Antinoo
948 734 1180 832 superstition,
1198 733 1360 832 adeoque
1376 736 1485 812 latius

102 869 237 952 pateant
262 853 490 953 conjectandi
519 854 617 929 fines.
682 855 726 928 In
751 879 784 928 v,
812 856 875 929 ult.
899 855 975 928 init.
1006 855 1155 929 Hamilt.
1188 860 1483 950 ΠΟΛΛΑΝΙΟΥ,

103 980 188 1054 unde
210 982 382 1054 Letronn.
410 981 448 1053 in
480 981 631 1054 minusc.
668 971 843 1068 Ποβλίου
873 971 1065 1054 Ἀλανίου.
1127 985 1241 1057 Erant
1265 982 1420 1060 Manias
1447 999 1485 1059 et

102 1097 246 1174 Mamaea
271 1101 365 1173 bene
389 1113 475 1173 nota
496 1099 593 1172 inter
615 1100 809 1193 Romanos,
834 1124 988 1197 quorum
1007 1100 1175 1174 ultimum
1199 1104 1337 1200 praebat
1357 1129 1481 1205 apogr.

102 1220 347 1317 supradictum.

167 1341 222 1413 De
254 1339 429 1438 religione
457 1337 640 1436 Serapidis
667 1337 760 1412 conf.
793 1337 892 1412 Fasc.
919 1361 959 1412 11.
988 1345 1255 1415 n.1.xxx1x.l.
1284 1355 1322 1417 et
1342 1355 1415 1418 not.
1443 1344 1482 1417 in

101 1459 237 1534 Auctor.
266 1483 410 1533 necnon
437 1458 517 1531 insr.
549 1459 617 1532 titt.
641 1480 785 1535 cccxxx.
803 1483 832 1534 c.
855 1480 1012 1535 ccccxx.
1080 1462 1181 1535 Dant
1208 1487 1317 1559 porro
1344 1462 1482 1538 nummi

102 1577 304 1654 Eckheliani
320 1586 458 1654 ΖΕΥΣ.
471 1586 722 1655 XAPAanet
735 1585 1122 1656 ΗΛΙΟΣ.ΣΑΡΑΡΙΣ.
1142 1583 1360 1680 quandoque
1374 1586 1482 1659 etiam

100 1724 172 1772 cum
189 1715 277 1800 typo
296 1701 490 1800 Serapidis,
510 1707 685 1778 HMOCt.
738 1704 799 1776 Ex
816 1701 992 1802 religione
1007 1704 1192 1804 Canopica
1207 1705 1269 1780 hio
1286 1719 1483 1781 memorata

102 1819 206 1915 possis
223 1821 442 1896 concludere
467 1821 626 1920 lapidem
652 1822 762 1898 fuisse
780 1823 826 1898 ab
843 1825 934 1899 urbe
951 1825 1021 1900 ista
1038 1827 1302 1901 Alexandriam
1328 1839 1483 1926 asporta·

100 1953 183 2015 tum:
211 1943 277 2016 sed
293 1942 387 2016 nihil
400 1967 506 2042 opus:
534 1943 693 2018 vidimus
710 1944 749 2017 in
766 1945 875 2019 titulo
889 1971 997 2044 supra
1014 1946 1113 2021 dicto
1123 1948 1223 2021 Fasc.
1235 1971 1272 2021 11.
1292 1947 1481 2022 donarium

99 2059 131 2132 in
141 2063 273 2161 templo
285 2063 423 2139 Gnidio
437 2089 503 2137 suo
514 2063 690 2162 Serapidi,
701 2073 784 2150 etc,
795 2063 979 2139 addictum
995 2067 1041 2140 ab
1053 2065 1480 2161 homineAlexandrin03

99 2179 131 2252 in
145 2183 299 2256 nummis
324 2207 434 2280 porro
451 2183 591 2258 Juliani
615 2185 666 2257 II.
693 2182 864 2282 adoptiva
881 2185 1042 2258 cernitur
1068 2186 1179 2283 epigr.
1209 2193 1308 2262 lSlS.
1326 2193 1479 2262 mam.

98 2299 159 2376 hoc
170 2316 233 2389 est
251 2301 505 2378 Alenaadrr‘na.
559 2307 672 2379 Erant
684 2303 1003 2406 fortasseSerapzi),
1015 2317 1094 2399 etc,
1112 2307 1210 2380 cives
1223 2306 1399 2404 Canopici
1416 2311 1480 2404 qui

98 2419 130 2492 in
154 2422 349 2519 metropole
367 2435 630 2496 commorantes
659 2423 800 2496 numini
827 2424 944 2522 patrio
961 2449 1087 2498 eorum
1114 2449 1212 2499 aram
1243 2439 1478 2502 sacraverant.

99 2543 196 2636 Quod
214 2546 381 2642 sequitur
392 2545 491 2620 πᾶσι
509 2545 586 2624 τοῖς
606 2545 703 2624 θεοῖς
720 2548 878 2623 illustrat
890 2551 1063 2624 Letronn.
1082 2577 1131 2625 ex
1148 2551 1337 2626 Pausania³
1353 2566 1391 2627 et
1407 2555 1478 2629 titt.

103 2663 307 2740 Atheniens.
326 2665 507 2742 Bockhd:
535 2678 613 2740 erat
637 2690 768 2764 nempe
792 2667 948 2742 formula
965 2669 1133 2756 solennis,
1150 2671 1247 2744 utin
1265 2671 1318 2745 tit.
1342 2673 1478 2748 Gnidio

97 2798 197 2860 nostr.
223 2792 443 2862 ΣΑΡΑΠΙΔΙ
468 2840 478 2859 .
504 2793 609 2862 ΙΣΙΔΙ
634 2839 644 2859 .
668 2792 811 2862 ΘΕΟΙΣ
833 2841 842 2860 .
868 2794 998 2862 ΠΑΣΙ.
1055 2791 1098 2863 In
1116 2815 1149 2864 V.
1169 2795 1200 2864 5.
1227 2793 1397 2866 notabilis
1423 2807 1479 2868 est

96 2909 200 2986 forma
220 2918 327 2987 lCl'l'l
347 2937 415 3011 pro
436 2917 560 3001 ΙΟΙΔΙ,
587 2911 687 3010 quod
712 2912 868 2986 illustrat
893 2915 1112 2989 Letronnius
1137 2939 1203 3013 per
1228 2941 1333 2990 usum
1359 2907 1477 2991 Τιόσ·

96 3039 213 3115 πολις“
235 3062 301 3136 pro
318 3027 546 3116 Διόσπολις.
595 3040 650 3112 Re
675 3037 754 3137 ipsa
778 3037 950 3114 latissime
976 3053 1100 3138 patere
1125 3044 1307 3120 cernimus
1324 3045 1478 3122 confusi·

96 3179 189 3235 onem
218 3163 480 3238 elementorum
506 3172 540 3239 Δ
565 3179 602 3239 et
626 3173 671 3258 T,
692 3189 752 3238 ex.
771 3191 800 3240 c.
827 3156 984 3258 θέμιδος,
1012 3168 1112 3266 quod
1138 3171 1257 3244 Attici
1282 3172 1479 3246 efferebant

96 3277 242 3376 θέμιτος,
260 3301 298 3361 et
315 3289 475 3363 vicissim
502 3286 617 3384 δεῖμα,
636 3291 736 3388 quod
752 3291 887 3366 factum
906 3306 961 3366 est
977 3295 1089 3370 timor.
1142 3295 1337 3394 Copticum
1358 3297 1394 3371 T
1390 3299 1477 3373 ami-

96 3411 155 3485 otia
171 3413 314 3488 Arabes
339 3413 505 3490 fecerunt
530 3412 664 3541 &W
691 3419 956 3496 Germanorum
978 3419 1055 3521 Tap
1072 3445 1137 3494 nos
1153 3419 1250 3520 Dap.
1303 3421 1475 3497 Ceterum

95 3533 126 3606 in
141 3561 177 3611 re
195 3540 359 3636 subjecta
376 3539 734 3616 Lacedaemoniorum
760 3555 838 3617 erat
855 3532 996 3641 ἐξόχως
1013 3546 1282 3620 terminationes
1300 3542 1391 3637 ιδος,
1412 3543 1474 3638 ιδι,

127 3809 137 3841 ⁹
150 3803 230 3861 Confi
242 3802 381 3878 Protrupt.
391 3803 481 3862 Clam.
493 3801 654 3862 Alexandr.
667 3821 696 3880 p.
704 3805 751 3862 43.
803 3803 920 3862 Exinde
933 3805 1067 3863 restituit
1075 3806 1109 3864 B.
1123 3806 1154 3863 in
1167 3826 1196 3863 n.
1206 3804 1274 3870 476.
1288 3807 1341 3866 nbi
1354 3807 1474 3867 deerant

95 3897 179 3958 Onon.
802 3901 861 3960 litt.
871 3903 1028 3962 maximam
1041 3913 1162 3981 partem.

126 3998 208 4058 qUbi
221 4019 304 4078 supr.
318 4019 367 4078 pp.
377 4003 483 4066 29-31.
842 4011 856 4036 ¹
870 4001 968 4060 (litato
990 4003 1058 4060 libr.
1084 4002 1245 4082 champoll.
1270 4007 1336 4082 jun.
1362 3990 1473 4085 qupte

127 4099 193 4158 'Id
207 4109 279 4159 tom.
291 4117 356 4158 vm.
370 4120 400 4178 p.
413 4103 476 4160 140.
490 4120 514 4158 a
800 4121 864 4161 sous
890 4103 930 4161 lea
951 4101 1109 4172 Pharaone,
1135 4120 1154 4162 1.
1182 4124 1209 4182 p.
1231 4109 1281 4168 50.
1321 4106 1471 4166 Nimirum

126 4207 133 4228 ¹
151 4199 225 4258 Sca
244 4201 289 4258 18.
297 4203 326 4264 9.
347 4215 378 4256 n.
393 4201 419 4256 2.
432 4203 459 4258 8.
474 4209 528 4258 etc
801 4203 976 4262 adamabant
990 4211 1014 4262 T
1027 4203 1134 4281 Copta.

126 4300 133 4329 ²
151 4299 237 4376 corp.
252 4297 344 4358 Inacr.
360 4299 447 4357 volu
468 4319 496 4376 p.
508 4297 576 4359 463.
591 4319 619 4356 n
640 4301 708 4359 455.
726 4301 751 4358 1.

148 4415 269 4461 xnsc1c.
284 4415 336 4461 111.
766 4419 787 4462 U
