3994 5244
122 524 410 604 metanoeam]
712 521 894 588 THEBAE.
925 531 927 538 ⁴

327 700 432 802 θῆκέ
449 736 496 782 σε
517 699 712 808 φωνήεντα
731 702 798 783 θεὰ
816 701 1094 809 ῥοδοδάκτυλος
1113 704 1226 806 Ἠώς,

328 831 382 934 Σὴ
400 833 538 939 μήτηρ,
558 833 671 916 κλυτὲ
692 836 862 938 Μέμνον,
883 839 1090 948 ἐελδομένῳ
1107 876 1171 940 μοι
1191 845 1351 923 ἄκουσαι

330 973 404 1068 Σῆς
424 975 563 1076 φωνῆς,
582 967 792 1066 λυκάβαντι
814 980 1041 1075 περικλυτοῦ
1060 970 1285 1055 Ἀντωνίνου

329 1100 549 1210 Δωδεκάτιρ,
569 1107 630 1184 καὶ
648 1108 736 1206 μηνὶ
757 1103 898 1211 Παχὼν
916 1105 1132 1210 τριςκαίδεκ’
1153 1107 1277 1213 ἔχοντι

247 1248 267 1316 5
319 1228 491 1336 Ἤματα·
523 1241 591 1335 δὶς,
611 1243 756 1339 δαῖμον,
776 1249 839 1320 τεῦ
859 1239 1042 1322 ἐπέκλυον
1061 1241 1307 1343 αὐδήσαντος,

326 1372 485 1453 Τιτᾶνος
504 1368 637 1470 λίμνης
655 1370 886 1474 περικαλλέα
904 1374 1035 1476 ῥεῖθρα
1053 1369 1246 1456 λιπόντος.

328 1496 439 1600 Δηθὰ
456 1498 526 1598 μέν
546 1498 720 1600 ἀντολέης
739 1497 913 1600 βασιλῆά
929 1536 975 1580 σε
997 1506 1085 1602 θῆκε
1107 1501 1290 1606 Κρονίων,

327 1635 409 1710 Νῦν
429 1629 468 1710 δὲ
489 1629 597 1737 τύχες
616 1632 771 1736 πέτρου·
804 1630 933 1741 φωνὴν
953 1632 983 1713 δ’
1005 1632 1079 1714 ἀπὸ
1097 1635 1237 1740 πέτρου
1258 1638 1376 1742 ε’φίης.

327 1765 428 1860 Θῆκε
448 1759 491 1842 τὸ
511 1760 667 1865 γράμμα
678 1763 871 1864 Γέμελλος
891 1765 1088 1865 ἀμοιβαδὶς
1108 1766 1197 1846 ἔνθα
1216 1765 1385 1872 πορεύων

223 1905 267 1976 10
326 1892 402 1973 Σύν
421 1930 460 1975 τε
482 1895 578 2001 φίλῃ
600 1893 729 2004 ἀλόχῳ
747 1895 961 2005 Ῥουφίλλῃ
981 1901 1041 1979 καὶ
1061 1899 1250 1980 τεκέεσσι·

759 2029 916 2137 Εὐτύχῳ

684 2159 896 2268 Ῥουφίλλῃ
911 2209 1092 2224 ........
1091 2265 1106 2286 ·
1105 2211 1214 2224 .....
1229 2170 1263 2243 Λ
1266 2167 1417 2272 ,γγίνῃι

183 2371 374 2468 Inscriptio
404 2383 461 2443 est
487 2369 729 2443 communiter
757 2367 854 2441 dicta
877 2367 1111 2456 Gemelliana
1143 2370 1181 2442 in
1208 2371 1321 2443 latere
1351 2373 1498 2445 australi

114 2491 198 2564 basis
222 2491 353 2564 colossi
379 2492 570 2588 insculpta.
624 2490 812 2567 Gemellus
837 2489 997 2585 quidam,
1015 2489 1177 2563 adventu
1201 2489 1275 2564 huo
1300 2490 1396 2564 sacto
1414 2517 1496 2566 eum

112 2611 257 2708 conjuge
275 2611 353 2706 ejus
371 2610 506 2683 Rufilla
522 2625 559 2682 et
575 2609 699 2682 liberis
720 2610 894 2707 (quorum
919 2611 1066 2684 nomina
1082 2612 1253 2686 videntur
1270 2611 1404 2686 referre
1422 2640 1498 2688 ves-

111 2731 189 2825 tigia
205 2731 402 2803 lectionum
420 2729 459 2802 in
476 2729 550 2802 ima
567 2731 700 2828 parte),
718 2741 849 2802 ornatu
874 2731 1017 2826 poetico
1034 2745 1156 2805 narrat
1181 2757 1218 2804 se
1236 2732 1292 2805 bis
1317 2734 1497 2808 audivisse

112 2849 336 2923 Memnonem
359 2865 442 2924 ortu
468 2849 553 2922 solis
576 2851 614 2921 in
632 2875 689 2922 an.
708 2872 774 2922 ΧΠ.
791 2850 873 2947 imp.
891 2851 1082 2946 Antonini,
1101 2865 1138 2926 et
1160 2852 1219 2925 die
1240 2875 1318 2926 xm.
1337 2853 1497 2943 ΡοοΙιοιι,

110 2969 138 3040 h.
153 2997 186 3044 e.
213 2973 260 3046 U.
282 2970 326 3045 C.
354 2975 437 3044 902.
460 2971 522 3064 (Ρ.
535 2970 575 3046 C.
598 2972 702 3066 149.)
722 2985 760 3044 et
776 2994 858 3044 vm.
885 2971 938 3045 Id.
958 2974 1085 3046 Maias,
1146 2972 1274 3046 Edidit
1301 2997 1348 3046 ex
1375 2974 1496 3048 sched.

112 3089 191 3163 Salt.
210 3091 456 3180 Latronnius⁸,
475 3095 537 3188 qui
555 3107 593 3166 et
609 3092 807 3191 apographi
826 3092 972 3169 Girardi
996 3093 1160 3168 meminit
1178 3095 1431 3192 expressitque
1450 3097 1498 3169 ad

110 3213 407 3310 comparationem
428 3211 588 3287 Saltiani.

177 3335 222 3406 In
238 3359 274 3405 v.
293 3340 323 3406 1.
342 3332 402 3406 fin.
421 3331 461 3408 S.
483 3339 599 3408 ΕωΟ.
665 3335 709 3406 Ιυ
740 3335 771 3406 2.
798 3333 877 3405 init.
909 3336 1099 3414 ΜΗΤΕΙΡ,
1122 3345 1241 3405 recte:
1269 3333 1497 3407 iotacismum

109 3455 292 3527 cemimus.
348 3453 424 3528 Sub
451 3453 510 3526 fin.
531 3460 652 3527 ΕΕΑΔ
681 3469 747 3526 eto.
801 3457 845 3526 In
863 3457 895 3526 4.
914 3454 991 3528 init.
1010 3458 1237 3528 ΔΕΚΑΤωΡ
1252 3460 1296 3525 Α·
1334 3466 1400 3526 eto.
1453 3455 1497 3526 In

110 3583 136 3649 5.
154 3580 230 3653 init.
248 3585 348 3653 ΤΑΔ
384 3587 419 3663 Κ,
446 3578 531 3651 dein
547 3583 644 3650 ΤΕΤ
646 3581 706 3649 ΕΟ
723 3588 791 3648 ete.
847 3577 889 3646 In
909 3577 939 3647 6.
955 3599 988 3671 ρ.
1002 3574 1077 3645 init.
1096 3577 1496 3657 ΙΙΚΑΛΜΕΑΡΕΙΟΡΑ,

109 3701 226 3774 infin.
256 3706 379 3775 ΛΙΓΙω
404 3712 472 3773 etc.
544 3701 587 3770 ln
619 3701 650 3770 7.
681 3698 1218 3771 ΑΝΤΟΛΗΟΒΑΟΙΛΗΛΟΕΟ
1245 3707 1315 3765 ete.
1380 3693 1425 3764 In
1461 3695 1494 3765 8.

111 3823 341 3911 ΝΠΕΤΡΟΥ,
355 3817 439 3892 dein
454 3823 566 3900 ΛΠΟ,
580 3817 618 3889 in
636 3815 694 3888 fin.
709 3820 796 3889 ΕΙΗ.
831 3817 875 3886 In
891 3815 923 3887 9.
937 3814 1012 3886 init.
1029 3819 1089 3886 ΕΤ
1089 3818 1135 3900 0,
1147 3811 1230 3885 dein
1252 3815 1496 3906 ΕΜΕΛΔΟΟ,

110 3941 141 4013 in
166 3941 226 4014 fin.
254 3945 384 4013 ΕΝΘΙ.
449 3937 575 4011 11110.
606 3937 684 4008 init.
715 3936 1158 4010 uaaoxtot’ottematt
1223 3933 1265 4003 In
1300 3935 1356 4004 12.
1389 3935 1495 4008 ΦΙΛΑ

112 4067 138 4134 Η
149 4117 377 4134 .......
393 4062 692 4133 ΙΙΔΟΝΓΕΙΝΙΑ.
737 4055 878 4131 Graves
895 4055 1045 4150 injurias
1061 4077 1152 4148 quas
1170 4077 1190 4125 a
1208 4076 1311 4125 coeno
1329 4052 1495 4126 fluviatili

259 4325 271 4349 ⁸
285 4313 364 4374 Vide
375 4315 447 4374 Δια.
463 4315 498 4372 R.
513 4314 543 4374 S.
559 4313 592 4372 L.
607 4312 661 4371 ubi
680 4331 777 4390 supra,
798 4332 826 4389 p.
841 4315 887 4370 44.
902 4331 929 4370 n.
945 4329 1048 4369 xxxva
1063 4312 1121 4370 tab.
1136 4311 1254 4390 lithogr.
1269 4311 1316 4372 63.

169 4433 293 4480 macic.
308 4433 359 4478 111.
781 4411 799 4472 2
815 4429 834 4472 a
