3994 5242
131 546 555 634 issonccmrxccnxxn]
699 544 944 610 APERRHAE.
1470 547 1511 611 45

197 737 388 833 Descripta
398 734 444 808 de
457 733 609 807 aedicnla
619 757 699 829 quae
711 734 749 806 in
760 733 876 808 titulis
886 734 1093 833 praegressis
1105 745 1335 807 memoratur.
1354 732 1515 807 Videtur

128 877 170 924 ex
186 851 256 928 hoc
273 855 381 928 titulo
391 855 543 928 heroum
557 853 657 952 quod
670 867 905 929 exstmxerat
915 855 1120 953 Herpidasa
1133 855 1321 929 devenisse
1336 853 1515 952 (fortassis

127 975 312 1070 emptionis
321 973 425 1074 jure)
440 975 479 1048 in
495 975 757 1072 possessionem
770 975 942 1068 Hermiae,
956 976 1020 1073 qui
1036 975 1189 1073 proinde
1203 976 1242 1047 in
1255 999 1298 1048 eo
1310 973 1515 1072 sepulcrum

127 1092 335 1168 condiderat
350 1095 389 1167 in
414 1118 519 1168 suum
537 1118 642 1167 usum
664 1095 902 1192 conjugisque
926 1105 963 1168 et
988 1095 1185 1168 liberorum
1208 1107 1291 1180 etc„
1312 1093 1454 1190 adjecta
1478 1095 1516 1166 in

127 1213 193 1288 fine
213 1218 446 1291 concessione
477 1229 520 1290 ut
545 1215 620 1288 filia
643 1214 884 1312 Epaphroditi
911 1227 948 1288 et
977 1239 1026 1287 ex
1054 1239 1097 1288 ea
1118 1226 1224 1288 natus
1242 1213 1450 1287 Antiochus
1478 1214 1516 1286 in

128 1334 249 1409 eodem
267 1338 518 1435 sepelirentur.

200 1459 258 1528 De
274 1457 420 1531 nomine
438 1451 607 1529 Hermiae
624 1477 698 1524 non
715 1451 922 1525 omnimode
939 1464 1060 1526 certus
1079 1475 1170 1526 sum.
1210 1453 1320 1525 Potes
1337 1451 1516 1548 conjicere

129 1581 348 1681 Hmpypos.
387 1573 558 1648 Notabile
575 1587 631 1645 est
647 1569 748 1668 quod
764 1570 898 1648 dicitur
914 1571 953 1644 in
969 1597 1005 1646 v.
1025 1575 1058 1646 2.
1076 1571 1123 1645 de
1139 1571 1420 1645 adolescentulis
1439 1572 1515 1667 qui-

128 1705 275 1778 buscum
292 1696 514 1772 consortium
533 1693 693 1768 habituri
715 1703 818 1766 erant
838 1717 887 1766 ex
910 1717 954 1766 eo
976 1693 1061 1767 nati.
1111 1693 1292 1766 Nimirum
1318 1695 1379 1790 jus
1405 1695 1517 1766 moni·

129 1827 237 1900 menti
255 1831 377 1921 aperte
395 1817 596 1916 denegatur
612 1816 804 1914 pellicibus
821 1815 881 1888 vel
898 1814 1051 1888 amasiis.
1104 1815 1247 1888 Vocem
1263 1839 1373 1911 porro
1390 1816 1429 1887 in
1445 1814 1517 1886 fine

130 1973 161 2020 v.
174 1953 206 2022 5.
223 1959 336 2032 notes,
355 1935 606 2039 δι’σγαμβρον,
620 1938 990 2038 quodconferendum
1008 1966 1092 2014 cum
1111 1941 1261 2027 usitatis,
1283 1932 1517 2035 δισέγγονος,

132 2065 371 2146 claumos.

199 2196 308 2291 Quod
333 2195 380 2268 ad
405 2193 552 2267 lacunas
577 2190 716 2283 attinet,
734 2189 879 2262 videtur
896 2187 987 2285 quid
1004 2189 1183 2263 excidisse
1211 2201 1294 2287 post
1319 2181 1517 2287 ὀφειλήσει

131 2320 165 2390 in
190 2318 261 2391 fine
279 2343 311 2389 v.
333 2319 369 2390 3.
420 2317 477 2388 De
504 2312 684 2386 industria
710 2312 780 2384 hoc
807 2311 942 2385 factum
971 2311 1082 2385 fuisse
1109 2311 1297 2409 probabile
1320 2312 1438 2384 visum
1463 2323 1518 2382 est

131 2437 279 2534 lapidem
298 2436 465 2510 intuenti.
520 2435 696 2511 Oboritur
718 2434 875 2531 suspicio
902 2445 1041 2532 partem
1065 2433 1188 2508 multae
1215 2433 1325 2507 fuisse
1343 2433 1425 2506 urbi
1446 2432 1518 2504 cui-

132 2559 208 2634 dam
233 2563 338 2636 alteri
357 2545 739 2661 (συμπολιτευομένῃ,
759 2584 931 2636 comm.
952 2561 1006 2660 7.)
1024 2560 1231 2650 addictam'ss
1253 2563 1352 2659 quod
1375 2563 1517 2635 irritum

131 2681 295 2756 volebant
313 2695 439 2780 postea
454 2681 515 2754 vel
531 2681 700 2754 Hermiae
717 2682 794 2778 ipsc
812 2682 871 2754 vel
888 2681 1042 2756 heredes
1059 2684 1149 2779 ejus.

676 2995 910 3072 CCLXXX
936 2998 970 3072 k.

132 3181 1366 3258 ΤΟΝΤΑΦΟΝΚΑΤΕΣΚΕΥΑΣΑΤΟΙΣΤΩΝΗ,ΜΑΝΕΙΚΟΥΑΠΕ

134 3294 1321 3370 ΚΑΙΤΟΙΣΕΑΥΤΗΣΤΕΚΝΟΙΣΚΑΙΤΟΙΣΤΟΥΤΩΝΤΕΚΝΟΙΣ

134 3407 608 3480 ΚΑΙΑΝΤΙΠΑΤΡΩΙΤΕΛ.
624 3412 693 3479 .Υ.
705 3414 810 3481 .ΥΕ.
820 3412 1475 3483 ΚΟΠΩΙΑΥΤΗΣΑ..ΩΙΑΛΛΩΙΔΕ

131 3519 1539 3598 ΜῑξὲἱῒωπΛηΑΑλἉΡΤΩΛΟΣΕΣΤΩΘΕΟΙΣἌΤΑΧΘΟἿΙΟΙΣ

135 3632 358 3703 ΕΑΝΔΕΤΙΣ
372 3689 529 3703 .....
544 3636 633 3704 ΑΡΑ
651 3683 660 3703 .
682 3685 692 3704 .
712 3675 722 3704 ι
738 3640 802 3707 ΤΑ
820 3637 876 3708 ,Φ
890 3685 1115 3706 ........
1135 3640 1221 3708 nt?
1236 3687 1246 3706 .
1264 3640 1337 3708 ΕΙΤ

133 3827 205 3908 Τὸν
227 3830 351 3938 τάφον
377 3831 680 3915 κατεσκευάσατο
699 3833 857 3935 ‘lomim
877 3832 1117 3931 Ἑλληνικοῦ,
1138 3833 1389 3939 Ἀπεῤῥαῖτίς,
1410 3837 1520 3942 ἑαυτῇ

135 3966 187 4042 καὶ
206 3971 284 4050 τοῖς
304 3969 434 4068 ἑαυτῆς
453 3967 593 4052 τέκνοις
614 3971 674 4049 καὶ
693 3975 771 4053 τοῖς·
790 3965 931 4049 τούτων
943 3967 1083 4050 τέκνοις
1103 3968 1163 4045 καὶ
1174 3963 1409 4071 Ἀντιπάτρῳ
1421 3965 1521 4044 Τέλ-

445 4209 451 4240 ⁶
467 4211 549 4268 Conf.
559 4211 638 4268 Face.
652 4227 682 4268 11.
696 4207 719 4290 ξ.
733 4211 760 4268 d.
774 4229 802 4286 p.
814 4213 881 4270 308.

442 4309 536 4368 kHoc
557 4328 617 4367 usu
640 4319 779 4367 venerat:
804 4308 878 4366 conf.
900 4309 979 4365 Fece.
995 4323 1026 4364 n.
1047 4325 1075 4364 n.
1089 4323 1171 4364 conv.
1186 4312 1213 4373 9.

195 4427 313 4472 ansolo.
330 4427 380 4472 111.
811 4427 832 4471 G
