<?xml version="1.0" encoding="UTF-8"?>
<!DOCTYPE html PUBLIC "-//W3C//DTD XHTML 1.0 Transitional//EN"
    "http://www.w3.org/TR/xhtml1/DTD/xhtml1-transitional.dtd">
<html xmlns="http://www.w3.org/1999/xhtml" xml:lang="en" lang="en">
 <head>
  <title>
</title>
<meta http-equiv="Content-Type" content="text/html;charset=utf-8" />
  <meta name='ocr-system' content='tesseract 3.04.00' />
  <meta name='ocr-capabilities' content='ocr_page ocr_carea ocr_par ocr_line ocrx_word'/>
</head>
<body>
  <div class='ocr_page' id='page_1' title='image "./fasciculusinscr02kenngoog_0017.png"; bbox 0 0 3994 5242; ppageno 0'>
   <div class='ocr_carea' id='block_1_1' title="bbox 441 512 1265 582">
    <p class='ocr_par' dir='ltr' id='par_1_1' title="bbox 441 512 1265 582">
     <span class='ocr_line' id='line_1_1' title="bbox 441 512 1265 582; baseline 0.007 -8"><span class='ocrx_word' id='word_1_1' title='bbox 441 512 481 575; x_wconf 89' lang='lat'>10</span> <span class='ocrx_word' id='word_1_2' title='bbox 1005 515 1265 582; x_wconf 80' lang='lat' dir='ltr'><strong>PRAEFATIO.</strong></span> 
     </span>
    </p>
   </div>
   <div class='ocr_carea' id='block_1_2' title="bbox 436 700 1834 2919">
    <p class='ocr_par' dir='ltr' id='par_1_2' title="bbox 437 700 1834 2497">
     <span class='ocr_line' id='line_1_2' title="bbox 514 700 1831 801; baseline 0.005 -29"><span class='ocrx_word' id='word_1_3' title='bbox 514 701 558 772; x_wconf 91' lang='lat' dir='ltr'>In</span> <span class='ocrx_word' id='word_1_4' title='bbox 575 700 690 773; x_wconf 89' lang='lat' dir='ltr'>tituhs</span> <span class='ocrx_word' id='word_1_5' title='bbox 708 723 798 796; x_wconf 91' lang='lat' dir='ltr'>qnos</span> <span class='ocrx_word' id='word_1_6' title='bbox 816 725 859 774; x_wconf 85' lang='lat' dir='ltr'>ex</span> <span class='ocrx_word' id='word_1_7' title='bbox 873 702 998 778; x_wconf 89' lang='lat' dir='ltr'>Oasita</span> <span class='ocrx_word' id='word_1_8' title='bbox 1014 705 1122 776; x_wconf 91' lang='lat' dir='ltr'>retuli</span> <span class='ocrx_word' id='word_1_9' title='bbox 1139 705 1365 777; x_wconf 79' lang='lat' dir='ltr'>auxiliatrice</span> <span class='ocrx_word' id='word_1_10' title='bbox 1383 728 1492 801; x_wconf 90' lang='lat' dir='ltr'>opera</span> <span class='ocrx_word' id='word_1_11' title='bbox 1509 729 1596 778; x_wconf 92' lang='lat' dir='ltr'>usus</span> <span class='ocrx_word' id='word_1_12' title='bbox 1614 730 1692 778; x_wconf 91' lang='lat' dir='ltr'>sum</span> <span class='ocrx_word' id='word_1_13' title='bbox 1707 705 1831 782; x_wconf 89' lang='lat' dir='ltr'>Cailli-</span> 
     </span>
     <span class='ocr_line' id='line_1_3' title="bbox 437 841 1833 944; baseline 0.005 -30"><span class='ocrx_word' id='word_1_14' title='bbox 437 841 546 928; x_wconf 88' lang='lat' dir='ltr'>audii,</span> <span class='ocrx_word' id='word_1_15' title='bbox 576 867 685 938; x_wconf 90' lang='lat' dir='ltr'>quem</span> <span class='ocrx_word' id='word_1_16' title='bbox 712 843 910 939; x_wconf 90' lang='lat' dir='ltr'>principem</span> <span class='ocrx_word' id='word_1_17' title='bbox 940 845 1102 917; x_wconf 91' lang='lat' dir='ltr'>omnium</span> <span class='ocrx_word' id='word_1_18' title='bbox 1130 845 1362 941; x_wconf 84' lang='lat' dir='ltr'>conspexisse</span> <span class='ocrx_word' id='word_1_19' title='bbox 1390 844 1510 932; x_wconf 90' lang='lat' dir='ltr'>credo,</span> <span class='ocrx_word' id='word_1_20' title='bbox 1535 845 1620 918; x_wconf 92' lang='lat' dir='ltr'>dein</span> <span class='ocrx_word' id='word_1_21' title='bbox 1651 847 1765 944; x_wconf 90' lang='lat' dir='ltr'>Hydii</span> <span class='ocrx_word' id='word_1_22' title='bbox 1794 864 1833 921; x_wconf 88' lang='lat' dir='ltr'>et</span> 
     </span>
     <span class='ocr_line' id='line_1_4' title="bbox 438 983 1834 1084; baseline 0.006 -30"><span class='ocrx_word' id='word_1_23' title='bbox 438 983 636 1069; x_wconf 89' lang='lat' dir='ltr'>Hoskinsii,</span> <span class='ocrx_word' id='word_1_24' title='bbox 660 984 883 1069; x_wconf 80' lang='lat' dir='ltr'>nostratium,</span> <span class='ocrx_word' id='word_1_25' title='bbox 907 985 1031 1058; x_wconf 91' lang='lat' dir='ltr'>labore</span> <span class='ocrx_word' id='word_1_26' title='bbox 1062 1011 1202 1059; x_wconf 90' lang='lat' dir='ltr'>summo</span> <span class='ocrx_word' id='word_1_27' title='bbox 1229 999 1265 1058; x_wconf 91' lang='lat' dir='ltr'>et</span> <span class='ocrx_word' id='word_1_28' title='bbox 1294 987 1424 1082; x_wconf 89' lang='lat' dir='ltr'>peritia</span> <span class='ocrx_word' id='word_1_29' title='bbox 1450 987 1598 1060; x_wconf 89' lang='lat' dir='ltr'>minime</span> <span class='ocrx_word' id='word_1_30' title='bbox 1628 990 1834 1084; x_wconf 89' lang='lat' dir='ltr'>spernenda</span> 
     </span>
     <span class='ocr_line' id='line_1_5' title="bbox 439 1123 1830 1222; baseline 0.006 -28"><span class='ocrx_word' id='word_1_31' title='bbox 439 1123 630 1196; x_wconf 88' lang='lat' dir='ltr'>exantlata.</span> <span class='ocrx_word' id='word_1_32' title='bbox 687 1123 778 1196; x_wconf 89' lang='lat' dir='ltr'>Haec</span> <span class='ocrx_word' id='word_1_33' title='bbox 799 1124 912 1196; x_wconf 90' lang='lat' dir='ltr'>instar</span> <span class='ocrx_word' id='word_1_34' title='bbox 934 1124 1095 1196; x_wconf 91' lang='lat' dir='ltr'>omnium</span> <span class='ocrx_word' id='word_1_35' title='bbox 1118 1123 1322 1220; x_wconf 89' lang='lat' dir='ltr'>legentibus</span> <span class='ocrx_word' id='word_1_36' title='bbox 1343 1126 1596 1220; x_wconf 87' lang='lat' dir='ltr'>pertractanda</span> <span class='ocrx_word' id='word_1_37' title='bbox 1619 1127 1733 1222; x_wconf 73' lang='lat' dir='ltr'>uado,</span> <span class='ocrx_word' id='word_1_38' title='bbox 1756 1140 1830 1202; x_wconf 91' lang='lat' dir='ltr'>tam</span> 
     </span>
     <span class='ocr_line' id='line_1_6' title="bbox 438 1265 1831 1364; baseline 0.003 -24"><span class='ocrx_word' id='word_1_39' title='bbox 438 1271 485 1342; x_wconf 94' lang='lat' dir='ltr'>ob</span> <span class='ocrx_word' id='word_1_40' title='bbox 514 1268 814 1364; x_wconf 83' lang='lat' dir='ltr'>longinquitatem</span> <span class='ocrx_word' id='word_1_41' title='bbox 844 1267 1000 1364; x_wconf 85' lang='lat' dir='ltr'>regionis</span> <span class='ocrx_word' id='word_1_42' title='bbox 1029 1291 1136 1362; x_wconf 91' lang='lat' dir='ltr'>quam</span> <span class='ocrx_word' id='word_1_43' title='bbox 1167 1265 1374 1361; x_wconf 87' lang='lat' dir='ltr'>paucissimi</span> <span class='ocrx_word' id='word_1_44' title='bbox 1401 1265 1545 1353; x_wconf 89' lang='lat' dir='ltr'>adeunt,</span> <span class='ocrx_word' id='word_1_45' title='bbox 1575 1267 1673 1363; x_wconf 90' lang='lat' dir='ltr'>iique</span> <span class='ocrx_word' id='word_1_46' title='bbox 1701 1270 1831 1344; x_wconf 92' lang='lat' dir='ltr'>ardore</span> 
     </span>
     <span class='ocr_line' id='line_1_7' title="bbox 437 1408 1832 1508; baseline -0.002 -24"><span class='ocrx_word' id='word_1_47' title='bbox 437 1412 650 1508; x_wconf 85' lang='lat' dir='ltr'>inexplebili</span> <span class='ocrx_word' id='word_1_48' title='bbox 663 1411 827 1508; x_wconf 89' lang='lat' dir='ltr'>permoti,</span> <span class='ocrx_word' id='word_1_49' title='bbox 842 1435 949 1506; x_wconf 89' lang='lat' dir='ltr'>qnam</span> <span class='ocrx_word' id='word_1_50' title='bbox 969 1411 1016 1482; x_wconf 95' lang='lat' dir='ltr'>ob</span> <span class='ocrx_word' id='word_1_51' title='bbox 1034 1409 1218 1482; x_wconf 85' lang='lat' dir='ltr'>materiam</span> <span class='ocrx_word' id='word_1_52' title='bbox 1237 1409 1273 1480; x_wconf 95' lang='lat' dir='ltr'>in</span> <span class='ocrx_word' id='word_1_53' title='bbox 1292 1409 1364 1480; x_wconf 91' lang='lat' dir='ltr'>illis</span> <span class='ocrx_word' id='word_1_54' title='bbox 1381 1419 1578 1493; x_wconf 89' lang='lat' dir='ltr'>tractatam,</span> <span class='ocrx_word' id='word_1_55' title='bbox 1593 1408 1731 1481; x_wconf 88' lang='lat' dir='ltr'>cultum</span> <span class='ocrx_word' id='word_1_56' title='bbox 1750 1410 1832 1481; x_wconf 90' lang='lat' dir='ltr'>reli·</span> 
     </span>
     <span class='ocr_line' id='line_1_8' title="bbox 438 1549 1832 1648; baseline 0 -26"><span class='ocrx_word' id='word_1_57' title='bbox 438 1551 578 1648; x_wconf 91' lang='lat' dir='ltr'>giosum</span> <span class='ocrx_word' id='word_1_58' title='bbox 597 1550 928 1644; x_wconf 85' lang='lat' dir='ltr'>Praefectorumque</span> <span class='ocrx_word' id='word_1_59' title='bbox 947 1549 1302 1635; x_wconf 84' lang='lat' dir='ltr'>administrationem,</span> <span class='ocrx_word' id='word_1_60' title='bbox 1322 1575 1402 1644; x_wconf 80' lang='lat' dir='ltr'>quas</span> <span class='ocrx_word' id='word_1_61' title='bbox 1425 1549 1598 1646; x_wconf 81' lang='lat' dir='ltr'>imagines</span> <span class='ocrx_word' id='word_1_62' title='bbox 1616 1549 1716 1620; x_wconf 89' lang='lat' dir='ltr'>vivas</span> <span class='ocrx_word' id='word_1_63' title='bbox 1734 1565 1832 1622; x_wconf 88' lang='lat' dir='ltr'>ante·</span> 
     </span>
     <span class='ocr_line' id='line_1_9' title="bbox 438 1689 1833 1788; baseline 0.001 -26"><span class='ocrx_word' id='word_1_64' title='bbox 438 1693 509 1764; x_wconf 90' lang='lat' dir='ltr'>acti</span> <span class='ocrx_word' id='word_1_65' title='bbox 535 1693 707 1788; x_wconf 90' lang='lat' dir='ltr'>temporis</span> <span class='ocrx_word' id='word_1_66' title='bbox 734 1695 781 1764; x_wconf 93' lang='lat' dir='ltr'>ob</span> <span class='ocrx_word' id='word_1_67' title='bbox 807 1692 932 1765; x_wconf 84' lang='lat' dir='ltr'>oculos</span> <span class='ocrx_word' id='word_1_68' title='bbox 959 1703 1101 1788; x_wconf 89' lang='lat' dir='ltr'>ponunt</span> <span class='ocrx_word' id='word_1_69' title='bbox 1128 1692 1236 1764; x_wconf 88' lang='lat' dir='ltr'>etiam</span> <span class='ocrx_word' id='word_1_70' title='bbox 1262 1692 1357 1763; x_wconf 84' lang='lat' dir='ltr'>inter</span> <span class='ocrx_word' id='word_1_71' title='bbox 1383 1689 1594 1762; x_wconf 85' lang='lat' dir='ltr'>solitudines</span> <span class='ocrx_word' id='word_1_72' title='bbox 1614 1690 1767 1788; x_wconf 89' lang='lat' dir='ltr'>Libycas</span> <span class='ocrx_word' id='word_1_73' title='bbox 1794 1705 1833 1764; x_wconf 89' lang='lat' dir='ltr'>et</span> 
     </span>
     <span class='ocr_line' id='line_1_10' title="bbox 437 1831 1831 1930; baseline 0 -26"><span class='ocrx_word' id='word_1_74' title='bbox 437 1832 720 1906; x_wconf 85' lang='lat' dir='ltr'>facinorosorum</span> <span class='ocrx_word' id='word_1_75' title='bbox 747 1833 934 1905; x_wconf 90' lang='lat' dir='ltr'>hominum</span> <span class='ocrx_word' id='word_1_76' title='bbox 960 1833 1150 1930; x_wconf 88' lang='lat' dir='ltr'>ergastula.</span> <span class='ocrx_word' id='word_1_77' title='bbox 1203 1832 1352 1904; x_wconf 85' lang='lat' dir='ltr'>Niliacis</span> <span class='ocrx_word' id='word_1_78' title='bbox 1376 1831 1454 1903; x_wconf 81' lang='lat' dir='ltr'>haec</span> <span class='ocrx_word' id='word_1_79' title='bbox 1479 1832 1654 1915; x_wconf 87' lang='lat' dir='ltr'>accensui,</span> <span class='ocrx_word' id='word_1_80' title='bbox 1681 1855 1763 1926; x_wconf 83' lang='lat' dir='ltr'>quoe</span> <span class='ocrx_word' id='word_1_81' title='bbox 1789 1833 1831 1904; x_wconf 90' lang='lat' dir='ltr'>in</span> 
     </span>
     <span class='ocr_line' id='line_1_11' title="bbox 438 1977 1831 2075; baseline 0.001 -26"><span class='ocrx_word' id='word_1_82' title='bbox 438 1978 558 2050; x_wconf 91' lang='lat' dir='ltr'>animo</span> <span class='ocrx_word' id='word_1_83' title='bbox 580 1977 650 2050; x_wconf 89' lang='lat' dir='ltr'>fuit</span> <span class='ocrx_word' id='word_1_84' title='bbox 665 1978 702 2049; x_wconf 92' lang='lat' dir='ltr'>in</span> <span class='ocrx_word' id='word_1_85' title='bbox 717 1978 841 2074; x_wconf 90' lang='lat' dir='ltr'>primis</span> <span class='ocrx_word' id='word_1_86' title='bbox 865 1977 1073 2074; x_wconf 89' lang='lat' dir='ltr'>appendicis</span> <span class='ocrx_word' id='word_1_87' title='bbox 1097 1980 1178 2051; x_wconf 91' lang='lat' dir='ltr'>loco</span> <span class='ocrx_word' id='word_1_88' title='bbox 1196 1980 1386 2075; x_wconf 86' lang='lat' dir='ltr'>separatim</span> <span class='ocrx_word' id='word_1_89' title='bbox 1400 1978 1564 2068; x_wconf 87' lang='lat' dir='ltr'>tradere;</span> <span class='ocrx_word' id='word_1_90' title='bbox 1591 1977 1702 2073; x_wconf 89' lang='lat' dir='ltr'>idque</span> <span class='ocrx_word' id='word_1_91' title='bbox 1720 1981 1831 2051; x_wconf 91' lang='lat' dir='ltr'>mani-</span> 
     </span>
     <span class='ocr_line' id='line_1_12' title="bbox 438 2117 1830 2214; baseline -0.001 -23"><span class='ocrx_word' id='word_1_92' title='bbox 438 2119 527 2191; x_wconf 84' lang='lat' dir='ltr'>festa</span> <span class='ocrx_word' id='word_1_93' title='bbox 550 2117 596 2189; x_wconf 92' lang='lat' dir='ltr'>de</span> <span class='ocrx_word' id='word_1_94' title='bbox 621 2142 737 2203; x_wconf 86' lang='lat' dir='ltr'>causa,</span> <span class='ocrx_word' id='word_1_95' title='bbox 761 2117 860 2212; x_wconf 92' lang='lat' dir='ltr'>quod</span> <span class='ocrx_word' id='word_1_96' title='bbox 882 2117 1143 2214; x_wconf 87' lang='lat' dir='ltr'>Heptanomidi</span> <span class='ocrx_word' id='word_1_97' title='bbox 1171 2119 1344 2191; x_wconf 87' lang='lat' dir='ltr'>attributa</span> <span class='ocrx_word' id='word_1_98' title='bbox 1370 2117 1487 2191; x_wconf 86' lang='lat' dir='ltr'>fuerat</span> <span class='ocrx_word' id='word_1_99' title='bbox 1510 2117 1611 2214; x_wconf 88' lang='lat' dir='ltr'>regio</span> <span class='ocrx_word' id='word_1_100' title='bbox 1632 2118 1775 2191; x_wconf 88' lang='lat' dir='ltr'>Oasena</span> <span class='ocrx_word' id='word_1_101' title='bbox 1792 2131 1830 2190; x_wconf 87' lang='lat' dir='ltr'>et</span> 
     </span>
     <span class='ocr_line' id='line_1_13' title="bbox 438 2257 1831 2355; baseline -0.001 -23"><span class='ocrx_word' id='word_1_102' title='bbox 438 2285 542 2354; x_wconf 87' lang='lat' dir='ltr'>aequo</span> <span class='ocrx_word' id='word_1_103' title='bbox 564 2261 647 2354; x_wconf 89' lang='lat' dir='ltr'>jure</span> <span class='ocrx_word' id='word_1_104' title='bbox 670 2283 752 2331; x_wconf 89' lang='lat' dir='ltr'>cum</span> <span class='ocrx_word' id='word_1_105' title='bbox 773 2258 957 2331; x_wconf 87' lang='lat' dir='ltr'>Thebaica</span> <span class='ocrx_word' id='word_1_106' title='bbox 980 2259 1182 2355; x_wconf 86' lang='lat' dir='ltr'>ceterisque</span> <span class='ocrx_word' id='word_1_107' title='bbox 1211 2259 1367 2355; x_wconf 91' lang='lat' dir='ltr'>positum</span> <span class='ocrx_word' id='word_1_108' title='bbox 1395 2257 1625 2330; x_wconf 88' lang='lat' dir='ltr'>monimentis</span> <span class='ocrx_word' id='word_1_109' title='bbox 1643 2259 1716 2330; x_wconf 93' lang='lat' dir='ltr'>suis</span> <span class='ocrx_word' id='word_1_110' title='bbox 1734 2259 1831 2331; x_wconf 90' lang='lat' dir='ltr'>inter</span> 
     </span>
     <span class='ocr_line' id='line_1_14' title="bbox 438 2395 839 2497; baseline -0.01 -25"><span class='ocrx_word' id='word_1_111' title='bbox 438 2399 654 2497; x_wconf 86' lang='lat' dir='ltr'>AEgyptiaca</span> <span class='ocrx_word' id='word_1_112' title='bbox 671 2395 839 2469; x_wconf 90' lang='lat' dir='ltr'>vindicat.</span> 
     </span>
    </p>

    <p class='ocr_par' dir='ltr' id='par_1_3' title="bbox 436 2535 1829 2919">
     <span class='ocr_line' id='line_1_15' title="bbox 513 2535 1829 2633; baseline -0.004 -22"><span class='ocrx_word' id='word_1_113' title='bbox 513 2541 738 2611; x_wconf 87' lang='lat' dir='ltr'>Postremum</span> <span class='ocrx_word' id='word_1_114' title='bbox 751 2538 984 2610; x_wconf 86' lang='lat' dir='ltr'>memoranda</span> <span class='ocrx_word' id='word_1_115' title='bbox 995 2549 1080 2610; x_wconf 89' lang='lat' dir='ltr'>sunt</span> <span class='ocrx_word' id='word_1_116' title='bbox 1090 2561 1171 2633; x_wconf 83' lang='lat' dir='ltr'>quae</span> <span class='ocrx_word' id='word_1_117' title='bbox 1185 2536 1284 2633; x_wconf 91' lang='lat' dir='ltr'>apud</span> <span class='ocrx_word' id='word_1_118' title='bbox 1298 2536 1419 2608; x_wconf 88' lang='lat' dir='ltr'>sedem</span> <span class='ocrx_word' id='word_1_119' title='bbox 1437 2537 1550 2607; x_wconf 88' lang='lat' dir='ltr'>instar</span> <span class='ocrx_word' id='word_1_120' title='bbox 1560 2535 1720 2606; x_wconf 92' lang='lat' dir='ltr'>omnium</span> <span class='ocrx_word' id='word_1_121' title='bbox 1738 2537 1829 2607; x_wconf 87' lang='lat' dir='ltr'>cele·</span> 
     </span>
     <span class='ocr_line' id='line_1_16' title="bbox 436 2679 1828 2778; baseline -0.005 -21"><span class='ocrx_word' id='word_1_122' title='bbox 436 2686 573 2757; x_wconf 82' lang='lat' dir='ltr'>brutam</span> <span class='ocrx_word' id='word_1_123' title='bbox 601 2683 639 2754; x_wconf 93' lang='lat' dir='ltr'>in</span> <span class='ocrx_word' id='word_1_124' title='bbox 666 2680 807 2754; x_wconf 90' lang='lat' dir='ltr'>schedis</span> <span class='ocrx_word' id='word_1_125' title='bbox 831 2682 983 2777; x_wconf 88' lang='lat' dir='ltr'>reposui,</span> <span class='ocrx_word' id='word_1_126' title='bbox 1002 2681 1097 2753; x_wconf 90' lang='lat' dir='ltr'>inter</span> <span class='ocrx_word' id='word_1_127' title='bbox 1128 2681 1260 2778; x_wconf 86' lang='lat' dir='ltr'>palatia</span> <span class='ocrx_word' id='word_1_128' title='bbox 1287 2704 1424 2778; x_wconf 91' lang='lat' dir='ltr'>regum,</span> <span class='ocrx_word' id='word_1_129' title='bbox 1450 2679 1601 2752; x_wconf 89' lang='lat' dir='ltr'>delubra</span> <span class='ocrx_word' id='word_1_130' title='bbox 1628 2680 1828 2766; x_wconf 89' lang='lat' dir='ltr'>numinum,</span> 
     </span>
     <span class='ocr_line' id='line_1_17' title="bbox 437 2818 1309 2919; baseline -0.007 -25"><span class='ocrx_word' id='word_1_131' title='bbox 437 2821 570 2919; x_wconf 88' lang='lat' dir='ltr'>effigies</span> <span class='ocrx_word' id='word_1_132' title='bbox 588 2821 655 2892; x_wconf 86' lang='lat' dir='ltr'>aevi</span> <span class='ocrx_word' id='word_1_133' title='bbox 674 2818 912 2914; x_wconf 87' lang='lat' dir='ltr'>antiquissimi</span> <span class='ocrx_word' id='word_1_134' title='bbox 930 2818 1118 2890; x_wconf 88' lang='lat' dir='ltr'>semirutas</span> <span class='ocrx_word' id='word_1_135' title='bbox 1136 2832 1309 2910; x_wconf 88' lang='lat' dir='ltr'>versatus,</span> 
     </span>
    </p>
   </div>
   <div class='ocr_carea' id='block_1_3' title="bbox 721 3003 1542 3182">
    <p class='ocr_par' dir='ltr' id='par_1_4' title="bbox 721 3003 1542 3182">
     <span class='ocr_line' id='line_1_18' title="bbox 721 3003 1528 3080; baseline 0 -18"><span class='ocrx_word' id='word_1_136' title='bbox 721 3005 876 3062; x_wconf 88' lang='lat' dir='ltr'>“Dimidio</span> <span class='ocrx_word' id='word_1_137' title='bbox 889 3005 1007 3080; x_wconf 83' lang='lat' dir='ltr'>magicae</span> <span class='ocrx_word' id='word_1_138' title='bbox 1021 3013 1158 3062; x_wconf 82' lang='lat' dir='ltr'>resonant</span> <span class='ocrx_word' id='word_1_139' title='bbox 1171 3005 1224 3062; x_wconf 89' lang='lat' dir='ltr'>nbi</span> <span class='ocrx_word' id='word_1_140' title='bbox 1237 3004 1392 3063; x_wconf 88' lang='lat' dir='ltr'>Memnone</span> <span class='ocrx_word' id='word_1_141' title='bbox 1407 3003 1528 3074; x_wconf 83' lang='lat' dir='ltr'>chordae,</span> 
     </span>
     <span class='ocr_line' id='line_1_19' title="bbox 750 3105 1542 3182; baseline 0 -20"><span class='ocrx_word' id='word_1_142' title='bbox 750 3108 851 3181; x_wconf 85' lang='lat' dir='ltr'>Atque</span> <span class='ocrx_word' id='word_1_143' title='bbox 864 3115 950 3163; x_wconf 86' lang='lat' dir='ltr'>vetus</span> <span class='ocrx_word' id='word_1_144' title='bbox 964 3105 1063 3164; x_wconf 87' lang='lat' dir='ltr'>Thebe</span> <span class='ocrx_word' id='word_1_145' title='bbox 1078 3114 1196 3162; x_wconf 88' lang='lat' dir='ltr'>centum</span> <span class='ocrx_word' id='word_1_146' title='bbox 1206 3105 1286 3180; x_wconf 86' lang='lat' dir='ltr'>jacet</span> <span class='ocrx_word' id='word_1_147' title='bbox 1300 3107 1408 3164; x_wconf 82' lang='lat' dir='ltr'>obruta</span> <span class='ocrx_word' id='word_1_148' title='bbox 1420 3105 1542 3182; x_wconf 87' lang='lat' dir='ltr'>portis.”</span> 
     </span>
    </p>
   </div>
   <div class='ocr_carea' id='block_1_4' title="bbox 436 3267 1829 3507">
    <p class='ocr_par' dir='ltr' id='par_1_5' title="bbox 436 3267 1829 3507">
     <span class='ocr_line' id='line_1_20' title="bbox 512 3267 1829 3365; baseline -0.002 -22"><span class='ocrx_word' id='word_1_149' title='bbox 512 3272 602 3363; x_wconf 80' lang='lat' dir='ltr'>Quae</span> <span class='ocrx_word' id='word_1_150' title='bbox 630 3271 668 3342; x_wconf 93' lang='lat' dir='ltr'>in</span> <span class='ocrx_word' id='word_1_151' title='bbox 696 3269 888 3342; x_wconf 87' lang='lat' dir='ltr'>simulacro</span> <span class='ocrx_word' id='word_1_152' title='bbox 906 3269 1023 3342; x_wconf 91' lang='lat' dir='ltr'>vocali</span> <span class='ocrx_word' id='word_1_153' title='bbox 1049 3269 1211 3342; x_wconf 86' lang='lat' dir='ltr'>existunt</span> <span class='ocrx_word' id='word_1_154' title='bbox 1235 3294 1332 3342; x_wconf 91' lang='lat' dir='ltr'>nunc</span> <span class='ocrx_word' id='word_1_155' title='bbox 1358 3269 1430 3342; x_wconf 88' lang='lat' dir='ltr'>situ</span> <span class='ocrx_word' id='word_1_156' title='bbox 1457 3268 1574 3340; x_wconf 90' lang='lat' dir='ltr'>obsita</span> <span class='ocrx_word' id='word_1_157' title='bbox 1601 3267 1772 3365; x_wconf 87' lang='lat' dir='ltr'>pleraque</span> <span class='ocrx_word' id='word_1_158' title='bbox 1791 3283 1829 3341; x_wconf 93' lang='lat' dir='ltr'>et</span> 
     </span>
     <span class='ocr_line' id='line_1_21' title="bbox 436 3407 1826 3507; baseline -0.004 -22"><span class='ocrx_word' id='word_1_159' title='bbox 436 3438 509 3485; x_wconf 91' lang='lat' dir='ltr'>non</span> <span class='ocrx_word' id='word_1_160' title='bbox 523 3411 592 3483; x_wconf 92' lang='lat' dir='ltr'>nisi</span> <span class='ocrx_word' id='word_1_161' title='bbox 603 3434 734 3506; x_wconf 90' lang='lat' dir='ltr'>magno</span> <span class='ocrx_word' id='word_1_162' title='bbox 748 3409 932 3481; x_wconf 87' lang='lat' dir='ltr'>molimine</span> <span class='ocrx_word' id='word_1_163' title='bbox 950 3409 1133 3483; x_wconf 87' lang='lat' dir='ltr'>exaranda</span> <span class='ocrx_word' id='word_1_164' title='bbox 1146 3411 1238 3482; x_wconf 90' lang='lat' dir='ltr'>eain</span> <span class='ocrx_word' id='word_1_165' title='bbox 1251 3409 1376 3506; x_wconf 92' lang='lat' dir='ltr'>primis</span> <span class='ocrx_word' id='word_1_166' title='bbox 1390 3407 1543 3494; x_wconf 90' lang='lat' dir='ltr'>adibam,</span> <span class='ocrx_word' id='word_1_167' title='bbox 1562 3408 1712 3507; x_wconf 89' lang='lat' dir='ltr'>augurio</span> <span class='ocrx_word' id='word_1_168' title='bbox 1729 3434 1826 3496; x_wconf 92' lang='lat' dir='ltr'>usus,</span> 
     </span>
    </p>
   </div>
   <div class='ocr_carea' id='block_1_5' title="bbox 436 3547 1828 3649">
    <p class='ocr_par' dir='ltr' id='par_1_6' title="bbox 436 3547 1828 3649">
     <span class='ocr_line' id='line_1_22' title="bbox 436 3547 1828 3649; baseline -0.002 -24"><span class='ocrx_word' id='word_1_169' title='bbox 436 3552 608 3649; x_wconf 89' lang='lat' dir='ltr'>potiusut</span> <span class='ocrx_word' id='word_1_170' title='bbox 621 3549 838 3645; x_wconf 85' lang='lat' dir='ltr'>speraverim</span> <span class='ocrx_word' id='word_1_171' title='bbox 858 3573 963 3644; x_wconf 92' lang='lat' dir='ltr'>quam</span> <span class='ocrx_word' id='word_1_172' title='bbox 984 3549 1182 3646; x_wconf 82' lang='lat' dir='ltr'>diligentia,</span> <span class='ocrx_word' id='word_1_173' title='bbox 1200 3548 1381 3622; x_wconf 85' lang='lat' dir='ltr'>Pocockii.</span> <span class='ocrx_word' id='word_1_174' title='bbox 1410 3549 1572 3620; x_wconf 88' lang='lat' dir='ltr'>Plurima</span> <span class='ocrx_word' id='word_1_175' title='bbox 1584 3547 1644 3621; x_wconf 95' lang='lat' dir='ltr'>hic</span> <span class='ocrx_word' id='word_1_176' title='bbox 1657 3561 1828 3646; x_wconf 89' lang='lat' dir='ltr'>congesta</span> 
     </span>
    </p>
   </div>
   <div class='ocr_carea' id='block_1_6' title="bbox 436 3685 1827 4344">
    <p class='ocr_par' dir='ltr' id='par_1_7' title="bbox 436 3685 1827 4344">
     <span class='ocr_line' id='line_1_23' title="bbox 436 3685 1826 3784; baseline -0.001 -19"><span class='ocrx_word' id='word_1_177' title='bbox 436 3691 546 3766; x_wconf 89' lang='lat' dir='ltr'>credo</span> <span class='ocrx_word' id='word_1_178' title='bbox 560 3715 616 3762; x_wconf 88' lang='lat' dir='ltr'>me</span> <span class='ocrx_word' id='word_1_179' title='bbox 631 3685 875 3761; x_wconf 87' lang='lat' dir='ltr'>emendatiora</span> <span class='ocrx_word' id='word_1_180' title='bbox 887 3686 1039 3774; x_wconf 87' lang='lat' dir='ltr'>dedisse,</span> <span class='ocrx_word' id='word_1_181' title='bbox 1052 3689 1215 3784; x_wconf 83' lang='lat' dir='ltr'>qnaedam</span> <span class='ocrx_word' id='word_1_182' title='bbox 1232 3688 1469 3763; x_wconf 86' lang='lat' dir='ltr'>Pocockianis</span> <span class='ocrx_word' id='word_1_183' title='bbox 1483 3688 1665 3784; x_wconf 89' lang='lat' dir='ltr'>adjecisse,</span> <span class='ocrx_word' id='word_1_184' title='bbox 1680 3692 1826 3764; x_wconf 90' lang='lat' dir='ltr'>tentatis</span> 
     </span>
     <span class='ocr_line' id='line_1_24' title="bbox 436 3823 1826 3924; baseline -0.002 -21"><span class='ocrx_word' id='word_1_185' title='bbox 436 3830 594 3904; x_wconf 88' lang='lat' dir='ltr'>maxime</span> <span class='ocrx_word' id='word_1_186' title='bbox 625 3825 784 3898; x_wconf 93' lang='lat' dir='ltr'>omnium</span> <span class='ocrx_word' id='word_1_187' title='bbox 814 3823 972 3897; x_wconf 89' lang='lat' dir='ltr'>metricis</span> <span class='ocrx_word' id='word_1_188' title='bbox 995 3825 1111 3922; x_wconf 93' lang='lat' dir='ltr'>iisque</span> <span class='ocrx_word' id='word_1_189' title='bbox 1135 3850 1216 3921; x_wconf 82' lang='lat' dir='ltr'>quae</span> <span class='ocrx_word' id='word_1_190' title='bbox 1245 3826 1392 3922; x_wconf 91' lang='lat' dir='ltr'>epochis</span> <span class='ocrx_word' id='word_1_191' title='bbox 1424 3824 1638 3898; x_wconf 88' lang='lat' dir='ltr'>definiendis</span> <span class='ocrx_word' id='word_1_192' title='bbox 1666 3827 1826 3924; x_wconf 89' lang='lat' dir='ltr'>apprime</span> 
     </span>
     <span class='ocr_line' id='line_1_25' title="bbox 437 3963 1827 4061; baseline -0.006 -16"><span class='ocrx_word' id='word_1_193' title='bbox 437 3971 540 4046; x_wconf 90' lang='lat' dir='ltr'>utilia</span> <span class='ocrx_word' id='word_1_194' title='bbox 556 3969 633 4040; x_wconf 87' lang='lat' dir='ltr'>visa</span> <span class='ocrx_word' id='word_1_195' title='bbox 650 3965 880 4038; x_wconf 90' lang='lat' dir='ltr'>intentiorem</span> <span class='ocrx_word' id='word_1_196' title='bbox 898 3976 1067 4036; x_wconf 85' lang='lat' dir='ltr'>conatum</span> <span class='ocrx_word' id='word_1_197' title='bbox 1084 3964 1300 4061; x_wconf 88' lang='lat' dir='ltr'>flagitabant.</span> <span class='ocrx_word' id='word_1_198' title='bbox 1345 3963 1477 4038; x_wconf 87' lang='lat' dir='ltr'>Cetera</span> <span class='ocrx_word' id='word_1_199' title='bbox 1492 3964 1584 4036; x_wconf 91' lang='lat' dir='ltr'>bene</span> <span class='ocrx_word' id='word_1_200' title='bbox 1603 3963 1717 4036; x_wconf 90' lang='lat' dir='ltr'>multa</span> <span class='ocrx_word' id='word_1_201' title='bbox 1733 3979 1827 4060; x_wconf 92' lang='lat' dir='ltr'>post-</span> 
     </span>
     <span class='ocr_line' id='line_1_26' title="bbox 436 4101 1826 4194; baseline -0.004 -12"><span class='ocrx_word' id='word_1_202' title='bbox 436 4109 557 4194; x_wconf 89' lang='lat' dir='ltr'>habui,</span> <span class='ocrx_word' id='word_1_203' title='bbox 575 4105 653 4178; x_wconf 84' lang='lat' dir='ltr'>haec</span> <span class='ocrx_word' id='word_1_204' title='bbox 671 4128 804 4190; x_wconf 88' lang='lat' dir='ltr'>manca,</span> <span class='ocrx_word' id='word_1_205' title='bbox 822 4103 885 4176; x_wconf 89' lang='lat' dir='ltr'>illa</span> <span class='ocrx_word' id='word_1_206' title='bbox 901 4103 975 4176; x_wconf 87' lang='lat' dir='ltr'>fere</span> <span class='ocrx_word' id='word_1_207' title='bbox 994 4103 1140 4176; x_wconf 89' lang='lat' dir='ltr'>omnino</span> <span class='ocrx_word' id='word_1_208' title='bbox 1157 4103 1311 4190; x_wconf 87' lang='lat' dir='ltr'>exoleta,</span> <span class='ocrx_word' id='word_1_209' title='bbox 1329 4103 1399 4176; x_wconf 88' lang='lat' dir='ltr'>alia</span> <span class='ocrx_word' id='word_1_210' title='bbox 1415 4102 1500 4176; x_wconf 90' lang='lat' dir='ltr'>fidei</span> <span class='ocrx_word' id='word_1_211' title='bbox 1517 4101 1697 4177; x_wconf 85' lang='lat' dir='ltr'>historicae</span> <span class='ocrx_word' id='word_1_212' title='bbox 1714 4106 1826 4178; x_wconf 88' lang='lat' dir='ltr'>nulla·</span> 
     </span>
     <span class='ocr_line' id='line_1_27' title="bbox 439 4241 1826 4344; baseline -0.001 -22"><span class='ocrx_word' id='word_1_213' title='bbox 439 4263 542 4323; x_wconf 89' lang='lat' dir='ltr'>tenus</span> <span class='ocrx_word' id='word_1_214' title='bbox 562 4243 759 4343; x_wconf 87' lang='lat' dir='ltr'>profutura.</span> <span class='ocrx_word' id='word_1_215' title='bbox 813 4241 896 4317; x_wconf 88' lang='lat' dir='ltr'>Scio</span> <span class='ocrx_word' id='word_1_216' title='bbox 920 4243 1038 4315; x_wconf 91' lang='lat' dir='ltr'>mein</span> <span class='ocrx_word' id='word_1_217' title='bbox 1065 4241 1133 4316; x_wconf 91' lang='lat' dir='ltr'>hac</span> <span class='ocrx_word' id='word_1_218' title='bbox 1157 4243 1323 4340; x_wconf 81' lang='lat' dir='ltr'>palaestra</span> <span class='ocrx_word' id='word_1_219' title='bbox 1349 4257 1482 4318; x_wconf 87' lang='lat' dir='ltr'>memet</span> <span class='ocrx_word' id='word_1_220' title='bbox 1512 4247 1718 4319; x_wconf 84' lang='lat' dir='ltr'>exercuisse</span> <span class='ocrx_word' id='word_1_221' title='bbox 1744 4261 1826 4344; x_wconf 89' lang='lat' dir='ltr'>post</span> 
     </span>
    </p>
   </div>
   <div class='ocr_carea' id='block_1_7' title="bbox 0 0 2002 5238">
    <p class='ocr_par' dir='ltr' id='par_1_8' title="bbox 0 0 2002 5238">
     <span class='ocr_line' id='line_1_28' title="bbox 0 0 2002 5238; baseline 0 0"><span class='ocrx_word' id='word_1_222' title='bbox 0 0 2002 5238; x_wconf 95' lang='lat' dir='ltr'> </span> 
     </span>
    </p>
   </div>
  </div>
 </body>
</html>
