3994 5242
701 525 963 594 PRAEFATIO.
1510 528 1527 588 7

135 729 234 812 parte
244 715 468 789 absolutum:
488 716 573 790 dein
586 716 750 790 notitiam
762 717 1033 814 explicatiorem
1046 713 1218 786 sermonis
1230 712 1369 808 antiqui
1380 713 1527 800 Medici,

135 880 351 951 quocunque
363 855 509 930 nomine
520 855 725 952 compelles,
741 854 909 941 Zendico
924 853 1130 940 Pehlavico,
1144 851 1399 938 ShanscriticO,
1417 853 1528 925 immo

135 989 282 1064 fortasse
301 991 444 1088 triplice
461 991 592 1068 horum
610 991 649 1063 in
665 1015 796 1088 corpus
815 991 996 1090 singulare
1013 1017 1096 1066 cum
1117 991 1324 1066 Shemiticis
1341 1017 1528 1090 coagmen-

136 1151 205 1209 tata
221 1137 455 1234 compagine3
481 1159 563 1208 nam
581 1146 681 1208 certo
698 1135 832 1208 certius
850 1133 1100 1208 affirmaverim
1117 1133 1269 1208 fundum
1289 1134 1525 1208 dialectorum

136 1277 233 1350 Asiae
260 1275 425 1360 Minoris,
448 1299 556 1370 quam
575 1274 766 1372 appellant,
784 1273 1012 1370 potissimum
1039 1272 1237 1370 Lydorum,
1257 1273 1401 1358 Carum,
1423 1275 1527 1371 Lyci·

136 1439 246 1509 orum,
261 1413 570 1511 Pamphyliorum‚
584 1413 827 1509 comparuisse
845 1413 883 1483 in
901 1435 1065 1484 sermone
1077 1411 1279 1485 Centralis:
1307 1437 1374 1484 nec
1388 1411 1522 1486 Cilices

136 1553 368 1652 excipiendos
391 1579 484 1646 reor,
510 1555 573 1649 qui
591 1567 711 1628 tamen
727 1553 907 1647 loquelam
927 1551 1088 1649 patriam,
1105 1549 1340 1624 finitimorum
1354 1553 1437 1647 jure
1455 1553 1523 1640 usi,

135 1695 304 1770 censendi
322 1709 406 1768 sunt
422 1695 660 1791 locupletasse
677 1693 842 1791 pluribus
860 1718 908 1766 ex
925 1692 1025 1766 sonte
1043 1693 1213 1765 Aramaeo
1230 1692 1378 1790 pentir.

205 1839 263 1910 De
296 1836 363 1911 hac
394 1836 543 1910 materia
572 1836 733 1908 viderint
766 1834 900 1908 eruditi
935 1835 999 1931 qui
1027 1835 1066 1906 in
1092 1835 1420 1931 comparationibus
1454 1834 1525 1906 dia·

136 1978 319 2065 lectorum,
349 1979 496 2075 incepto
524 1978 687 2076 apprime
718 1979 871 2066 lubrico,
900 1989 1097 2053 versantur.
1159 1977 1284 2050 Redeo
1319 1977 1366 2050 ad
1399 2001 1525 2074 propo·

137 2122 249 2193 situm.
304 2119 519 2194 Ceterorum
538 2143 619 2214 quae
642 2119 767 2191 libello
790 2130 915 2192 nostro
937 2119 1071 2211 insunt,
1091 2118 1334 2214 Olympenum
1359 2115 1452 2188 illud
1470 2121 1521 2213 (n.

136 2283 235 2336 cccv.
254 2263 321 2359 g),
339 2258 438 2355 quod
457 2258 673 2356 jampridem
696 2258 833 2354 publici
854 2259 947 2354 juris
974 2256 1108 2330 factum
1136 2255 1281 2352 ingenia
1304 2277 1524 2326 summorum

133 2402 303 2487 exercuit,
316 2400 897 2494 Graefii‚Blomfieldii,We10keri‚
911 2399 1133 2487 Boissonadi‚
1145 2399 1351 2497 nuperrime
1366 2398 1521 2474 B'ockhii

137 2541 358 2637 Franziique,
380 2542 513 2614 iterum
532 2541 774 2614 litteratorum
800 2541 927 2615 studiis
953 2539 1240 2638 persolvendum
1258 2537 1372 2611 trado.
1439 2538 1525 2608 Lec-

138 2680 248 2755 tiones
277 2705 505 2779 summopere
531 2681 741 2768 elaboratas,
759 2682 1026 2778 exemplaribus
1049 2678 1350 2777 praestantissimis
1373 2702 1459 2750 usus
1489 2690 1527 2749 et

137 2818 329 2894 adductus
346 2822 443 2918 ipsos
460 2821 499 2892 in
515 2845 692 2894 marmore
710 2832 923 2919 apparentes
940 2820 1131 2916 expressis,
1142 2818 1257 2891 fidens
1267 2817 1493 2891 commendo.

207 2961 302 3052 Quae
318 2959 517 3032 continenti
534 2960 663 3033 itinere
680 2983 889 3058 progressus
911 2984 977 3057 per
996 2959 1136 3058 Syriam
1154 2957 1427 3058 AEgyptumque
1444 2985 1525 3032 con·

138 3099 226 3194 gessi
238 3097 396 3196 plurima
400 3097 614 3194 jamdudum
627 3100 830 3174 retulerrmt
840 3101 1054 3190 Pocockius,
1068 3101 1366 3186 Burckhardtius‚
1381 3102 1524 3186 Saltim,

139 3237 193 3310 alii
209 3239 304 3312 bene
323 3239 438 3325 multi,
456 3240 595 3312 mendis
610 3265 707 3334 vere,
721 3240 760 3314 id
773 3241 872 3336 qnod
885 3245 923 3315 in
933 3243 1064 3316 talibus
1083 3244 1158 3316 sive
1172 3243 1363 3317 deficiente
1377 3245 1526 3316 materia

139 3377 208 3451 sive
229 3378 355 3454 dedita
380 3379 623 3478 perfunctorie
646 3382 753 3455 nimis
779 3407 889 3480 opera
911 3384 1167 3480 utplurimum
1193 3385 1339 3458 evenire
1357 3384 1458 3473 solet,
1476 3385 1526 3456 in·

139 3518 289 3611 quinata.
361 3518 462 3604 Haec,
484 3517 722 3591 marmoribus
751 3519 839 3616 ipsis
869 3519 1109 3606 contrectatis,
1137 3520 1358 3616 potissimam
1387 3533 1524 3616 partem

139 3657 302 3732 exsulare
315 3658 416 3753 jussi.
470 3659 530 3730 Ex
547 3656 604 3730 his
618 3658 835 3756 AEgyptiaca
851 3684 934 3732 cum
948 3659 1095 3758 Libycis
1112 3659 1293 3757 permixta
1309 3685 1525 3758 magnopere

139 3797 420 3871 commendanda
449 3799 619 3872 existimo
646 3800 850 3896 auspicibus
878 3825 964 3874 usus
991 3801 1145 3898 egregiis
1173 3800 1270 3886 viris,
1304 3801 1524 3889 Hamiltono‚

140 4074 233 4144 relato,
252 4075 301 4133 ubi
316 4095 393 4151 supr.
417 4096 446 4134 n.
457 4081 484 4136 2.
525 4077 573 4135 Ex
588 4077 689 4136 ordine
710 4079 805 4156 sepul·
858 4080 920 4138 titt.
933 4079 1071 4137 Maeonios
1084 4079 1116 4136 in
1134 4079 1242 4137 Fascio
1261 4097 1289 4137 11.
1304 4099 1352 4158 pp.
1364 4079 1430 4144 376.
1446 4101 1480 4140 ss.
1495 4093 1525 4140 et

140 4173 257 4232 emlium
271 4184 325 4233 est.
776 4233 777 4236 ,
856 4178 893 4238 ad
904 4179 1086 4256 Sillyensem,
1101 4197 1150 4256 pp.
1161 4181 1228 4238 231.
1239 4197 1275 4237 ss.

174 4271 188 4308 ⁶
209 4273 295 4332 Hanc
312 4274 465 4332 materiam
483 4273 610 4334 delibari
631 4276 663 4334 in
679 4275 757 4332 notis
770 4275 805 4332 ad

820 4389 874 4451 aa
