3994 5242
134 527 236 572 111111.
249 527 378 572 ccxcix.
390 509 469 596 ccc]
718 507 947 575 OLYMPUS.
1477 510 1516 572 71

204 693 398 791 Descripta
415 692 461 768 de
478 694 557 768 basi
581 706 724 792 reperta
748 694 846 794 apud
867 696 988 770 vicum
1005 694 1159 770 Yentn¹'
1174 719 1286 810 prope
1304 694 1517 772 Deliis-Trici

132 812 194 884 ubi
217 811 494 908 conspiciuntur
518 813 704 910 parietina
732 813 915 912 Olympi¹¹¹3
942 826 1161 912 quapropter
1182 815 1278 887 inter
1297 815 1518 888 monimenta

132 931 336 1030 Olympena
355 929 607 1004 constituenda
623 955 761 1004 censeo.
814 932 971 1004 Decreta
982 930 1100 1006 firerat
1113 943 1230 1005 statua
1249 930 1402 1018 cuidam,
1414 932 1517 1028 cujus

131 1079 261 1128 nomen
287 1053 436 1142 excidit,
458 1053 603 1127 virtutis
632 1077 719 1152 ergo
746 1065 783 1126 et
805 1053 1061 1128 benivolentiae
1083 1056 1162 1152 ejus
1183 1079 1269 1152 erga
1289 1055 1395 1140 cives,
1414 1055 1517 1150 cujus

131 1188 294 1274 sumptus
312 1186 523 1274 erogaverat
540 1171 713 1248 Eisodias.
749 1171 892 1248 Iudicat
908 1180 984 1249 ΔΙ[
1000 1175 1138 1248 nomini
1155 1175 1392 1273 postpositum
1410 1199 1518 1248 avum

131 1297 206 1392 ejus
223 1319 372 1394 quoque
382 1293 554 1370 Eisodias
572 1293 780 1368 audivisse&

740 1571 850 1648 CCC.
875 1573 910 1645 b.

305 1758 1071 1833 ΕΡΜΑΙΟΣΕΥΚΡΑΤΙΔΟΥΟΛΥΜΊΝΟΣ

307 1872 1102 1944 ΚΑΤΕΣΚΕΥΑΣΕΝΟΜΟΥΜΟΙΑΥΤΩΚΑΙ

308 1982 1340 2057 ΓΥΝΑΙΚΙΚΑΛΛΙΤΥΧΗΚΑΙἛΚΝΟΙΣΚΑΙΕΓΓΟΝΟΙΣ

307 2088 1396 2181 «statuellammathfflatmaoraet’ttmm

229 2205 251 2274 5
303 2206 1346 2280 ΩΣΦΡΑΙΝΕΤΑΕἜΡΞΔΕΜΐΔΕΝΙΕΙΔΕΤΙΣΕΤΕΡΟΣ

305 2315 1181 2410 crexeratexaltetmefflttoatmxer

303 2427 1255 2520 ΩΝΟΕΛΕΝΞΑΣΛΡΝψΠΑΙΤΟΤΡΙΤΟΜΚΤΟΣ

303 2541 1064 2617 ΕΙΜΙΤΙΝΙΕΝΡΑΦΩΣΣΥΝΧΩΡΗΣΩ

168 2717 175 2747 ¹
195 2719 255 2776 Hic
279 2719 362 2777 vicus
385 2719 464 2795 jacet
490 2718 526 2777 sd
551 2717 662 2778 radices
694 2717 802 2776 montis
891 2721 912 2754 ²
926 2715 971 2775 De
992 2715 1117 2794 Olympo
1136 2713 1303 2774 conferendi
1328 2719 1399 2772 sunt
1420 2712 1518 2772 Strsb.

136 2815 240 2873 rosal
253 2815 338 2892 coyt.
366 2817 511 2876 Convenit
523 2817 634 2894 optime
646 2815 802 2893 appellatio
851 2815 905 2874 ubi
927 2834 1007 2893 supr.
1032 2833 1079 2893 pp.
1099 2815 1165 2872 214.
1186 2811 1253 2873 216.
1299 2811 1423 2870 Ptolem.
1443 2826 1472 2868 v·
1491 2813 1518 2869 3.

130 2917 219 2992 (mom
225 2916 340 2989 11111111)
346 2916 591 2994 descriptionibus
600 2925 712 2974 tractus
721 2915 802 2974 illius
852 2915 929 2974 Plin.
942 2915 974 2972 in
993 2913 1046 2972 loc.
1059 2914 1109 2972 cit
1123 2932 1190 2971 cum
1211 2911 1319 2971 Selino.
1359 2910 1395 2967 In
1409 2908 1518 2968 Concil.

129 3033 202 3089 quas
214 3014 400 3091 reliquerunt
411 3013 578 3092 geographi.
609 3013 691 3072 Conf.
703 3013 799 3072 Str-ab.
851 3007 1519 3086 Chalcedon.memoraturAristocritusOlym·

129 3129 193 3171 111.
203 3117 230 3173 a
244 3133 273 3191 p
284 3115 351 3174 215.
363 3115 398 3171 Τ.
418 3113 495 3172 Plio.
507 3131 536 3172 v.
547 3116 593 3172 28.
607 3116 630 3171 1.
651 3113 767 3182 Melam,
781 3129 800 3170 1.
849 3131 942 3191 penus
954 3132 1035 3190 prov.
1049 3111 1202 3190 Pamphyl.
1216 3111 1287 3169 etin
1301 3109 1396 3168 Notit.
1409 3107 1518 3166 Eccles.

133 3215 176 3270 16.
197 3211 289 3271 Solio.
299 3232 323 3270 c
334 3229 442 3271 mm
456 3221 487 3272 et
507 3231 576 3270 cum
597 3209 693 3270 Sensc
705 3211 799 3288 Epist.
848 3231 897 3290 pp.
914 3215 959 3272 15.
969 3214 1017 3275 47.
1037 3211 1117 3269 inter
1134 3211 1291 3287 Episcopos
1313 3226 1395 3286 prov.
1411 3206 1517 3284 Lycia,

130 3327 256 3370 mm·
278 3315 305 3371 3.
329 3311 457 3371 mentia
480 3310 626 3370 Fellomii
648 3309 680 3366 in
698 3309 754 3368 vol.
768 3326 799 3366 11.
851 3311 1026 3386 i'Otdpa'w·
1198 3353 1203 3366 .

128 3409 237 3487 pall.
251 3429 317 3487 qua
329 3409 495 3488 philosophi
514 3409 722 3489 hypotyposim
742 3409 798 3467 rei·
887 3410 981 3469 Vicus
995 3409 1056 3468 sedi
1068 3408 1196 3484 antiqua
1209 3405 1363 3483 proximus
1382 3413 1413 3462 et
1429 3404 1519 3478 juxta

129 3529 186 3585 que
207 3509 361 3569 veritatem
387 3511 461 3568 bene
486 3509 524 3568 ob
551 3509 649 3568 oculos
675 3516 798 3584 ponunt
847 3510 936 3568 littus
955 3509 1137 3567 maritimum
1149 3506 1263 3584 positus
1277 3513 1321 3562 est
1334 3499 1517 3570 Baldo-Teisa

129 3607 211 3676 Quid
223 3627 293 3684 ergo
305 3615 386 3666 vetat
406 3625 443 3666 ne
461 3605 614 3665 credamus
632 3605 731 3663 vicum
750 3605 799 3663 Ys-
848 3609 892 3666 its
904 3608 1070 3666 nominatus
1083 3625 1101 3664 a
1113 3604 1254 3663 miraculo
1266 3603 1345 3679 sapis
1358 3601 1517 3678 perforato,

128 3705 190 3764 aria
203 3705 392 3784 (afloprasdo
400 3703 598 3783 nominatum)
612 3704 702 3762 situm
715 3723 800 3762 occa·
849 3704 886 3765 de
898 3723 956 3781 qua
969 3703 1053 3762 adeas
1063 3702 1175 3780 Sprstt.
1184 3709 1215 3758 et
1224 3699 1342 3758 Forbes.
1354 3698 1421 3757 Isin.
1432 3698 1488 3756 vol
1499 3715 1518 3755 1.

128 3824 199 3881 pue
215 3805 324 3863 veteris
343 3803 443 3882 oppidi
463 3803 542 3881 quod
554 3802 739 3879 Heptastiam
750 3821 801 3878 ap-
850 3823 898 3882 pp.
923 3804 1065 3868 191-193.
1125 3799 1207 3859 eous.
1231 3807 1261 3856 et
1279 3797 1410 3857 Fellcws
1429 3797 1518 3856 volt

129 3903 221 3980 pellat
233 3903 359 3975 Plinius,
371 3904 491 3962 Solinus
508 3903 703 3979 Heplroestiom,
718 3901 802 3961 adeo
850 3901 1007 3977 pp.2l2.s.
1027 3898 1152 3974 apae.

128 4001 321 4079 ignipotente,
346 4009 383 4060 111
403 4002 477 4060 dicit
499 4003 569 4080 ipse,
592 3997 800 4060 nominatum?
890 4005 906 4035 ¹¹
920 3999 1003 4058 conf.
1027 3997 1157 4056 Fellows.
1182 3995 1238 4053 vol.
1258 4011 1289 4052 11.
1315 4013 1344 4052 n.
1367 3997 1430 4054 153.
1449 3994 1516 4052 init.

129 4101 296 4160 nolendum
316 4111 361 4160 est
379 4110 468 4179 caput
487 4101 571 4160 tituli
590 4101 680 4160 fuisse
694 4101 799 4159 abscis-
850 4097 952 4156 Simile
973 4097 1039 4156 obv.
1059 4105 1104 4155 est
1124 4097 1156 4153 in
1175 4093 1265 4154 vola
1285 4113 1313 4172 p.
1327 4095 1393 4153 213.
1407 4091 1456 4150 fin.
1470 4092 1518 4151 tit.

129 4197 302 4274 suraquod,
313 4197 338 4256 si
351 4195 471 4270 sdesset,
482 4197 607 4257 dubium
620 4197 664 4258 rei
677 4197 801 4257 fortasse
849 4196 928 4273 quod
941 4197 1039 4256 minus
1058 4195 1152 4274 perite
1171 4195 1383 4271 interpretatus
1402 4201 1447 4251 est
1459 4191 1517 4248 Ya.

130 4297 307 4356 suamlisset.
850 4297 949 4356 tesius.

795 4395 853 4458 xa
