3994 5244
137 556 235 602 rusca.
251 539 415 620 crema]
755 532 936 600 THEBAE.
1456 537 1518 600 237

137 725 214 798 tissa
241 724 288 798 ad
309 724 467 798 litteram
491 721 672 796 censenda
697 735 752 796 est
772 722 954 816 Balbilla)‚
973 725 1023 798 ud
1046 722 1163 810 lacem,
1187 724 1309 825 primu
1335 725 1416 812 luce,
1443 729 1517 799 scil.

135 857 436 932 monumnenta.
489 844 533 916 In
551 869 584 916 v.
605 845 636 916 7.
665 843 721 941 (4.
740 843 865 942 metr.)
894 843 986 918 med.
1005 844 1203 918 notandum
1230 856 1285 920 est
1311 853 1337 918 Γ
1336 851 1398 933 ot,
1420 849 1519 944 quod

136 965 322 1040 Balbillum
353 965 536 1062 scripsisse
561 970 631 1040 ΡΟΙ
664 965 801 1062 opinor,
821 965 890 1038 nisi
911 990 978 1063 pro
1001 966 1167 1040 archaico
1192 966 1348 1062 Fpositc
1366 974 1401 1054 Γ,
1420 969 1519 1064 quod

136 1084 295 1159 solebant
313 1083 508 1180 aliquando
525 1081 689 1156 veteres‘:
717 1107 785 1156 nec
803 1095 922 1156 tamen
941 1083 1129 1157 exsulante
1148 1084 1291 1181 penitus
1318 1093 1348 1172 F,
1362 1099 1404 1158 ut
1421 1101 1520 1182 patet

135 1227 179 1275 ex
195 1215 320 1278 nostro
337 1203 437 1276 Fasc.
455 1225 493 1274 11.
511 1226 547 1273 n.
564 1223 741 1276 ccxxmv.
760 1204 793 1274 5.
815 1203 871 1274 10.
893 1205 949 1272 11.
968 1215 1036 1274 etc.
1088 1202 1281 1276 Edendum
1298 1228 1385 1277 vero
1395 1207 1519 1278 curavi

135 1323 223 1396 sicut
249 1323 433 1420 descripsi,
451 1333 488 1394 et
505 1320 565 1394 hic
582 1320 674 1394 etin
693 1323 751 1393 13.
773 1323 828 1392 14.
849 1323 904 1392 15.
956 1321 1079 1395 Habet
1096 1321 1134 1398 S.
1156 1327 1345 1412 ΕΙΠΕ.ΟΙ,
1363 1324 1462 1422 quod
1474 1325 1517 1396 L.

134 1448 215 1522 lacit
245 1435 347 1521 εἶπέν
375 1443 422 1518 οἱ.
488 1445 632 1520 Deinde
662 1443 709 1518 ad
735 1443 796 1518 fin.
828 1444 866 1521 S.
892 1451 1135 1522 ΔΥΝΑΤΟΝ.
1199 1449 1368 1522 Meminit
1394 1463 1431 1522 et
1457 1450 1517 1524 hic

136 1573 301 1648 AEolismi
326 1573 441 1659 Musa,
462 1573 566 1668 cujus
592 1583 696 1644 erant
721 1558 882 1668 capriana
902 1560 1116 1668 (στρατός),
1136 1560 1224 1670 πόῖρ
1247 1558 1382 1669 (παῖς),
1401 1564 1518 1671 πρόῡς

136 1686 312 1796 (τραῦς)’,
336 1700 395 1772 vel
419 1699 540 1796 potius
562 1697 831 1784 AEclodorismi,
858 1723 970 1794 quum
997 1689 1165 1794 τέτταρες
1182 1699 1321 1806 Dorum
1345 1699 1463 1786 suerit,
1483 1717 1519 1775 et

136 1817 290 1920 τέτορες,
310 1813 461 1920 τέτορελ.
514 1824 558 1895 ln
577 1823 609 1894 8.
623 1825 745 1917 (metr.
765 1821 820 1919 5.)
836 1846 1042 1920 expressam
1060 1837 1164 1896 notes
1181 1824 1374 1922 imaginem
1392 1827 1520 1924 mythi-

135 1979 208 2026 cam
240 1953 335 2038 solis,
361 1951 516 2037 τιτᾶνας,
542 1975 652 2024 curru
677 1948 895 2046 quadrijugo
915 1949 1021 2036 vecti,
1046 1938 1264 2044 Τεθρίττπου
1284 1942 1391 2027 ὄντος
1410 1942 1520 2041 ἡλίου

137 2069 177 2150 δι’
198 2069 343 2173 αἰθέραῖ,
372 2075 470 2150 unde
501 2074 717 2172 exquisitius
751 2073 855 2158 illud,
885 2063 1143 2170 τετραβάμοσι
1172 2069 1297 2147 ποσσὶ
1326 2064 1518 2171 χορεύωνῆ

136 2203 167 2274 N
170 2203 364 2300 ivehporro
382 2213 466 2273 sunt
483 2200 587 2295 equi3
614 2189 724 2272 Ἐπεί
749 2225 793 2294 γε
820 2185 889 2292 μέν
908 2225 966 2270 τοι
984 2186 1225 2275 λευκόπωλος
1243 2190 1362 2294 ἡμέρα
1381 2195 1520 2271 Πᾶσαν

137 2319 291 2424 κατέσχε
319 2323 430 2422 γαῖαν
459 2311 644 2422 εὐφεγγὴς
669 2319 777 2406 ἰδεῖνῙ,
804 2346 885 2418 quae
905 2321 1075 2396 antithesi
1099 2335 1251 2396 venusta
1279 2324 1438 2396 imitatus
1465 2338 1520 2396 est

138 2451 348 2550 Sophoclea
388 2439 610 2546 Ἐξίσταται
642 2438 681 2518 δὲ
713 2435 843 2523 νυκτὸς
874 2443 1002 2538 αἱανῆς
1028 2436 1165 2526 κύκλος
1198 2441 1256 2546 Τῇ
1290 2441 1520 2549 λευκοπώλῳ

136 2563 273 2672 φέγγος
292 2561 411 2672 ἡμέρᾳ
430 2565 617 2672 aalysiae.
670 2571 868 2669 Imaginem
894 2572 1155 2646 transtulerunt
1180 2573 1310 2659 Latini,
1336 2597 1392 2648 ex.
1411 2599 1440 2647 c.
1466 2574 1519 2648 Et

134 2697 245 2772 οἰοοοο
269 2709 427 2772 revocant
450 2693 532 2770 solia
557 2693 811 2790 warleswast
837 2692 943 2768 etde
968 2693 1171 2780 comitante,
1198 2693 1273 2769 albo
1290 2693 1433 2794 Luczser
1455 2697 1520 2768 οαίι

140 2817 264 2894 Clarus
290 2828 397 2916 equ0⁰‚
416 2819 477 2892 cui
502 2841 648 2913 quoque
676 2841 822 2891 currum
848 2815 1015 2888 tribuunt
1040 2815 1227 2912 plerique.
1279 2817 1323 2888 In
1344 2841 1379 2910 v„
1400 2818 1432 2888 9.
1463 2816 1515 2914 (6.

136 2951 252 3048 metr.)
274 2951 386 3023 verba
416 2943 455 3019 ἐν
475 2941 574 3046 σκιᾷ,
598 2960 663 3020 etc.
691 2945 895 3020 luculenter
922 2945 968 3019 ad
997 2945 1218 3021 sciatluu'mu
1245 2945 1452 3042 respiciunt,
1482 2959 1519 3017 et

134 3063 247 3173 μέτρα
265 3087 349 3148 sunt
373 3074 478 3146 lineae
496 3097 578 3168 quae
595 3070 794 3144 secundum
812 3071 950 3142 umbrae
967 3071 1217 3145 circuitionem
1235 3072 1341 3146 horas
1359 3072 1519 3170 designa·

135 3197 227 3269 bant.
280 3197 336 3268 De
355 3193 422 3266 hac
439 3193 589 3265 materia
614 3191 677 3286 qui
702 3189 808 3286 plura
825 3189 904 3262 vult
922 3189 1026 3262 adeat
1044 3191 1227 3280 Plinium,
1245 3205 1311 3266 etc.
1364 3195 1408 3266 In
1427 3199 1518 3266 ΗΧΕ

171 3435 271 3494 'vide
293 3433 457 3492 Thierschii
482 3432 579 3493 uram.
603 3429 653 3490 Gr.
676 3427 706 3512 §§
729 3445 798 3488 ctu.
889 3429 1133 3508 ¹AEschyLPera
1148 3433 1215 3496 392.
1230 3451 1251 3490 s.
1272 3433 1376 3490 Bloml'.

134 3549 209 3592 curu.
237 3533 364 3592 Dawesii
376 3531 459 3588 Mur.
471 3530 540 3590 orit.
554 3547 601 3606 pp.
613 3531 679 3586 410.
691 3547 712 3585 a
744 3526 798 3584 ud.
889 3537 907 3560 ¹¹²
916 3528 1000 3602 Ajac.
1012 3528 1061 3586 Br.
1072 3527 1140 3591 672.
1151 3549 1173 3587 s.
1201 3531 1339 3608 Amplius
1352 3533 1519 3592 conferendi

136 3633 209 3710 Lips.
226 3635 308 3692 1800.
848 3626 973 3684 veniunt
990 3626 1047 3684 loci
1067 3627 1147 3685 cluss.
1165 3629 1269 3688 Troud.
1290 3633 1356 3690 848.
1398 3631 1518 3691 Theocr.

170 3727 497 3791 ςΟοι11’.Μοα1ιὶα.6τ.
519 3723 533 3806 ξ
554 3730 600 3785 22.
636 3723 747 3782 Bitclrh.
766 3723 798 3782 0.
849 3725 932 3800 Idytt
947 3743 1010 3782 xm.
1028 3729 1071 3784 ll.

139 3831 224 3889 Ιοοοτ.
238 3850 266 3888 n.
277 3831 365 3892 2189.
380 3833 406 3887 3.
889 3833 901 3857 ¹¹
916 3824 1001 3882 Ovid.
1015 3825 1112 3882 Amor.
1127 3843 1146 3883 1.
1157 3831 1184 3884 2.
1196 3829 1242 3885 24.

170 3929 263 3988 '’Vid.
278 3925 397 3986 Hesiod.
414 3927 484 4000 Opp.
498 3944 525 3980 v.
537 3921 604 3988 696.
889 3933 900 3956 ⁰
914 3923 957 3982 Id.
971 3924 1084 3982 Metam.
1098 3941 1149 3982 xv.
1167 3927 1231 3989 189.
1245 3945 1268 3983 s.

171 4025 326 4104 ἰΕιιτίρὶᾱ.
339 4025 393 4083 Fr.
407 4023 515 4081 Arcld.
536 4040 565 4080 11.
583 4025 612 4081 5.
633 4021 688 4080 Ed.
709 4021 797 4079 Beck.
888 4031 900 4064 ¹³
914 4023 969 4080 Ex.
983 4041 1007 4078 c.
1023 4022 1132 4080 Tibull.
1142 4023 1221 4098 Elep.
1235 4041 1253 4082 1.
1268 4028 1296 4090 9.
1310 4021 1358 4084 62.

135 4125 228 4184 Aliter
254 4123 389 4183 Dindorf.
413 4119 616 4199 τιθςιππιύοιτοτ
634 4121 706 4181 iulos
727 4119 799 4176 κατὰ
887 4121 981 4180 tscil.
997 4123 1042 4180 De
1058 4121 1190 4182 Guomou.
1207 4123 1295 4183 Groec.
1316 4125 1348 4182 in
1372 4143 1402 4186 u.
1428 4127 1516 4189 781.

134 4227 216 4302 χαλε.
850 4219 1009 4277 Tractatur
1034 4219 1166 4294 Ηοοοὶορ.
1194 4221 1311 4281 Roman.
1338 4223 1369 4280 in
1395 4241 1446 4281 vu.
1469 4223 1516 4284 60.

171 4324 181 4356 ¹
195 4321 316 4400 Orphic.
331 4321 441 4398 Hymn.
458 4317 485 4381 l·
849 4317 951 4376 Addua
964 4317 1086 4376 Vitruv.
1101 4334 1120 4376 1.
1135 4317 1162 4378 6.
1176 4335 1218 4378 rx.
1234 4323 1261 4380 8.
1276 4340 1297 4378 s.
1311 4321 1366 4380 viz.
1380 4321 1425 4380 De
1438 4323 1516 4380 toro-

195 4435 312 4482 rsscrc.
329 4435 379 4479 111.
803 4415 822 4477 2
838 4433 862 4476 n
