3994 5242
466 495 507 558 34
854 483 1209 553 msourrrmnns
1231 482 1423 551 onnon.
1477 482 1578 571 [nos.
1591 449 1705 550 iem.
1721 504 1853 550 cum.

541 678 686 752 Titulus
704 674 912 772 sepulcralis
924 672 1085 748 indidem
1104 672 1306 769 descriptus
1330 670 1377 744 de
1394 669 1615 769 sarcophago
1631 671 1670 744 in
1686 674 1792 768 cujus
1809 673 1855 746 ls-

464 812 541 873 tere
558 797 738 893 insculpta
754 794 914 868 ambibat
931 793 1067 866 corolla
1084 791 1255 890 oleagina.

539 919 722 1006 Eueltho',
734 921 797 1015 qui
811 932 848 992 et
865 919 969 993 aliter
985 918 1221 1015 compellatus
1235 930 1300 1004 est,
1315 916 1520 1013 sepulcrum
1543 917 1612 990 sibi
1629 919 1851 1016 comparavit

465 1053 503 1115 et
514 1039 661 1137 conjugi
678 1039 756 1134 ejus
776 1037 1017 1124 Tirnesitheae,
1035 1037 1232 1133 liberisque
1257 1035 1479 1123 Euelthonti‚
1497 1036 1708 1134 Apollonio,
1738 1039 1856 1134 quiet

466 1161 697 1248 Demonicus,
715 1171 752 1234 et
764 1159 948 1258 Eugeniee,
966 1159 1132 1255 natisque
1151 1159 1266 1245 exiis,
1287 1169 1325 1232 et
1341 1158 1617 1255 quibuscunque
1634 1159 1711 1256 ipse
1728 1160 1856 1256 permi-

474 1283 569 1356 serit.
613 1280 785 1355 Alumnis
803 1279 1004 1354 destinatur
1020 1279 1263 1378 hyposorium,
1281 1290 1350 1353 etc.

541 1399 768 1475 Perdifficilis
785 1412 940 1473 tractatu
957 1412 1034 1473 erat
1055 1397 1134 1473 haec
1157 1400 1343 1496 inscriptio
1361 1401 1409 1472 ob
1426 1423 1569 1473 causam
1582 1400 1730 1496 jamjam
1748 1424 1857 1497 expo·

467 1523 580 1595 sitem.
631 1519 675 1592 In
702 1545 734 1590 ν.
753 1521 785 1592 6.
807 1531 889 1616 post
915 1542 1069 1592 uxorem
1096 1531 1329 1593 memoratum
1348 1531 1542 1614 sequutum
1570 1519 1699 1616 opinor
1724 1543 1856 1592 nomen

466 1641 626 1740 parentis
653 1641 751 1736 ejus:
778 1639 849 1714 hoc
871 1664 1018 1737 prorsus
1042 1638 1237 1714 exciderat.
1271 1641 1335 1738 ¹In
1352 1665 1386 1713 v.
1400 1641 1432 1714 8.
1451 1665 1584 1713 nomen
1608 1652 1685 1713 erat
1706 1639 1856 1714 fortasse
1986 1715 1987 1720 ,

467 1762 601 1836 Dorice
618 1783 840 1858 expressum,
858 1784 904 1833 sc.
924 1759 1153 1834 Demonicus.
1190 1762 1234 1833 In
1246 1783 1305 1832 vv,
1319 1761 1350 1832 8.
1366 1785 1392 1833 s.
1407 1759 1499 1856 lepis
1510 1759 1702 1833 erstvnlde
1715 1783 1857 1846 exesus,

469 1882 534 1957 sed
550 1905 618 1978 pro
634 1879 841 1954 certissimis
857 1879 975 1954 habeo
992 1903 1075 1975 quse
1090 1880 1340 1953 restitmmtur.
1393 1879 1545 1952 Minime
1563 1891 1683 1953 certus
1707 1903 1787 1952 sum
1811 1878 1857 1952 de

468 2031 512 2079 eo
530 2003 629 2101 quod
645 2003 684 2076 in
700 2001 911 2076 minusculis
928 2003 1102 2100 proposui
1117 2004 1155 2076 in
1176 2007 1306 2076 14-15.
1325 2003 1398 2078 scil.
1417 1995 1684 2098 διωρισμένως.
1733 2007 1860 2079 Innuit

468 2118 610 2202 τούτων
634 2127 694 2201 vel
720 2126 926 2226 epigraphe
951 2127 1062 2224 ipsius
1080 2129 1201 2222 verbu,
1218 2141 1260 2200 ut
1285 2130 1323 2200 in
1348 2139 1470 2202 nostre
1493 2127 1656 2214 formula,
1674 2129 1762 2204 these
1778 2154 1859 2227 pre·

469 2261 569 2341 sente,
587 2246 646 2320 vel
663 2270 835 2344 personas
853 2255 993 2318 tentum
1010 2245 1049 2318 iu
1066 2271 1109 2319 ea
1125 2259 1338 2320 memoratos
1356 2247 1488 2342 quibus
1504 2245 1730 2321 ususfructus
1746 2249 1859 2320 moni-

470 2367 582 2440 menti
600 2387 793 2440 concessus
810 2375 873 2436 est.
924 2363 1009 2436 Hoc
1024 2363 1252 2460 praetulerim.
1306 2365 1351 2436 In
1368 2389 1402 2437 v.
1420 2364 1485 2437 ult.
1511 2365 1625 2461 possis
1652 2365 1772 2464 legere
1798 2369 1859 2440 vel

468 2490 741 2569 ΘΡΕΜΜΑΤΑ,
758 2495 802 2556 ut
827 2483 866 2556 in
893 2505 1036 2559 chxlx.
1054 2487 1112 2557 14.
1131 2485 1191 2558 vel
1207 2490 1477 2559 ΘΡΕΠΤΑΡΙΑ.
1530 2485 1627 2560 Vide
1645 2509 1804 2563 cctxvn.
1825 2491 1857 2560 7.

468 2607 513 2678 In
529 2605 600 2678 hoo
616 2603 787 2702 proclivis
804 2626 884 2676 sum
902 2614 1076 2697 quantum
1094 2626 1143 2676 ex
1160 2602 1322 2676 evanidis
1339 2603 1533 2678 decernere
1549 2606 1661 2702 potui.

1030 2879 1243 2956 CCLXXI.
1270 2881 1293 2954 f.

671 3349 1487 3419 ΔΕΥΕΑΙΤΙΝΑΗΟΠΑΡΑΤΑΥΤΑΔΡΑΕΑΕ

679 3599 1585 3676 ΑΜΑΡτΩΛοῑεΠΩθεοι[κΑτΑκθοΝςοιῑ

681 3713 1571 3814 κΑιειῑοιῑειςιςοΠειΜοΥιεΡΩτΑ,1.τΑ

683 3819 1077 3917 Μειςι-χΑςοΔεεΛε
1090 3873 1510 3898 ............
1515 3877 1546 3896 ..
1574 3878 1583 3897 .
1611 3831 1783 3900 ,euros

473 4084 488 4098 -
511 4082 526 4095 -
548 4079 564 4094 -
586 4079 601 4092 -
623 4037 688 4132 τῆς
717 4029 994 4137 συγχωρήσεως
1023 4032 1222 4135 δεδομένης
1252 4033 1322 4117 ὑπὸ
1353 4037 1544 4141 Αὐρηλίας
1566 4031 1765 4136 Ἐλπιδος,
1794 4043 1860 4140 τῆς
1986 4103 1987 4160 3

513 4273 525 4302 '
541 4263 619 4323 Vide
638 4266 704 4325 obv.
723 4263 756 4322 in
774 4271 940 4328 demvm&
961 4268 1104 4344 scriptum
1117 4288 1134 4326 s
1148 4269 1251 4330 Franz.
1264 4270 1316 4349 (ex
1324 4269 1471 4348 Fellows)
1481 4291 1509 4330 n.
1520 4274 1607 4338 4299.
1617 4278 1820 4332 ΕΛΘΟΝΤΟΣ.
