3994 5242
461 494 504 556 24
901 489 1254 557 INSCRIPTIONES
1277 488 1469 556 GRAEOAE.
1593 487 1845 576 [rvscaocam

462 683 622 758 secundo
639 681 887 758 constructum
915 681 1035 774 refert,
1065 695 1108 756 ut
1132 672 1239 780 ῥέξαι
1259 670 1352 779 ὑπὲρ
1372 674 1546 770 Δαναῶν,
1573 693 1610 754 et
1636 681 1711 753 sim.
1726 681 1802 779 for,
1820 679 1856 753 in

462 801 577 902 bedols
587 802 632 902 of.
687 903 703 922 Α

537 927 646 1000 VIII.
666 926 772 1001 Arte:
792 930 906 1002 edane.
963 924 1124 998 Videtur
1154 923 1334 1034 respicere
1360 922 1406 996 ad
1432 918 1561 1024 ἑαυτῷ.
1628 923 1733 999 Conl.
1757 925 1856 999 artic.
1982 908 1984 921 ¹

463 1073 592 1146 praegr.
654 1048 714 1124 Sic
744 1049 782 1119 in
812 1048 1013 1145 Limyreus.
1043 1072 1075 1119 v.
1094 1049 1127 1119 3.
1192 1043 1420 1118 Idiotismum
1449 1043 1510 1118 hic
1538 1067 1720 1142 agnoscas,
1750 1055 1795 1116 ut
1819 1045 1857 1116 in

460 1146 688 1242 daravum:
709 1167 860 1251 taleme,
878 1190 960 1261 quae
978 1166 1128 1240 Graecus
1146 1189 1219 1238 non
1241 1189 1306 1262 per
1318 1154 1575 1264 Ἀντιφέλλου
1588 1152 1677 1252 υἱός,
1692 1162 1757 1236 sed
1769 1151 1855 1235 Ἀν-

463 1283 697 1389 repentem,
734 1292 850 1364 vertit.
920 1291 1099 1364 Nimirum
1137 1289 1312 1386 Sharpius
1345 1289 1486 1363 confert
1519 1313 1602 1362 cum
1635 1287 1697 1364 ab
1728 1289 1767 1361 in
1803 1290 1855 1362 tit.

462 1410 674 1507 Limyrens.‚
693 1409 758 1483 ubi
774 1410 971 1483 variantem
993 1410 1206 1507 scripturam
1224 1410 1413 1495 ceruimus,
1428 1409 1710 1486 Shanscriticum
1723 1425 1856 1486 almon.

463 1537 612 1608 Poterat
636 1559 793 1631 quoque,
821 1533 918 1631 quod
945 1535 1093 1632 propius
1116 1534 1162 1607 ad
1184 1547 1346 1607 nostrum
1371 1533 1519 1620 accedit,
1538 1535 1738 1608 Arabicum
1765 1535 1857 1628 dlii,

463 1657 533 1732 hoc
559 1672 623 1745 est,
650 1648 693 1731 τὸ
714 1647 819 1748 εἶναι,
839 1653 863 1752 ἠ
883 1652 1003 1732 οὐσία
1055 1658 1224 1745 Proinde,
1243 1683 1355 1754 quum
1381 1659 1584 1734 luculenter
1608 1673 1750 1734 constet
1779 1686 1857 1735 esse

460 1785 563 1858 effice
578 1808 778 1882 pronomen
795 1785 1064 1882 possessivum,
1076 1785 1248 1858 verterim
1261 1783 1308 1857 ad
1324 1783 1390 1857 litt.
1404 1773 1496 1881 ὑπὲρ
1509 1781 1574 1877 τῆς
1586 1778 1717 1862 οὐσίας
1729 1780 1857 1876 αὐτοῦ,

460 1926 528 1999 pro
546 1917 658 1977 semet
675 1904 752 2001 ipse
770 1904 954 1978 condidit:
983 1904 1073 2000 quid
1086 1904 1182 1977 enim
1199 1903 1313 2002 magis
1331 1917 1386 1976 est
1402 1905 1476 2003 ipsc
1493 1929 1599 2000 quam
1613 1930 1683 1980 csse
1698 1908 1834 1980 suum?

537 2023 728 2098 Cernimus
746 2024 784 2096 in
802 2025 1024 2098 monimento
1038 2023 1203 2098 Xanthio
1216 2048 1406 2098 numerum
1418 2024 1593 2120 pluralem
1608 2026 1767 2111 obvium,
1782 2028 1858 2100 scil.

461 2143 597 2219 (211110Ἕέ
614 2173 622 2217 :
641 2147 799 2218 amaad.

538 2271 606 2358 IX.
632 2267 742 2342 dee.
786 2267 996 2365 Respondet
1006 2268 1196 2343 manifesto
1208 2269 1377 2347 Graecum
1391 2263 1548 2366 γυναικί.
1603 2275 1707 2350 Conf.
1724 2283 1857 2376 passim

462 2389 710 2474 Fellowsiana
729 2387 767 2459 in
785 2387 917 2482 quibus
934 2401 972 2461 et
987 2387 1074 2462 laidet
1091 2402 1284 2486 comparet7
1301 2403 1495 2488 rectusque
1513 2418 1615 2468 casus
1626 2395 1732 2471 tude.
1760 2403 1858 2476 Ana·

461 2511 592 2608 logiam
612 2507 820 2604 quaesiveris
846 2508 884 2579 in
903 2509 1073 2581 Aramaeo
1090 2481 1215 2609 111ῄῆ
1233 2523 1383 2585 extruso
1402 2513 1501 2599 Nelo,
1520 2517 1753 2612 superaddito
1771 2547 1857 2596 sane

461 2632 612 2706 foediore
639 2655 764 2720 sensu;
793 2629 856 2702 sed
874 2629 964 2724 quid
990 2629 1060 2704 boc
1076 2633 1252 2705 curabant
1276 2632 1482 2731 linguarum
1498 2624 1732 2710 conditores?
1784 2641 1858 2716 Ob-

462 2781 610 2830 scenum
627 2753 720 2826 illud
737 2753 882 2826 Horatii
894 2754 933 2827 in
945 2753 1019 2830 Sat.
1034 2779 1058 2828 1.
1074 2759 1105 2829 3.
1120 2757 1208 2853 quid
1226 2769 1282 2831 est
1294 2758 1364 2831 nisi
1380 2748 1502 2852 γυνήῗ
1528 2759 1665 2834 Canem
1683 2761 1855 2840 seminam

462 2882 645 2980 appellant
662 2881 769 2953 etiam
786 2903 884 2952 nunc
902 2881 1022 2954 Persae
1041 2879 1105 2972 ol,
1118 2882 1295 2980 gignendi
1314 2897 1435 2958 actum
1453 2873 1596 2962 habes
1615 2888 1672 2962 ad.

539 3001 735 3077 Uberrima
761 3012 816 3073 est
842 3001 983 3097 proles:
1014 3004 1213 3079 Gothicum
1239 3003 1352 3105 lesda,
1369 3007 1595 3106 AngloSax.
1614 3009 1714 3098 leode,
1732 3039 1857 3090 verna·

463 3126 545 3201 cula
560 3137 692 3212 nostra,
709 3123 806 3224 lady,
823 3125 906 3219 loss,
924 3138 961 3199 et
978 3128 1098 3227 stirpis
1116 3129 1277 3226 ejusdem
1295 3129 1365 3204 ad.
1417 3133 1625 3210 Remotiora
1648 3151 1732 3211 sunt
1749 3129 1856 3230 λαός,

465 3252 633 3329 German.
649 3249 742 3338 teate,
762 3252 904 3326 Turoic.
918 3253 1013 3360 022).

539 3379 587 3452 X
620 3379 668 3452 Sd
688 3375 767 3475 (vel
782 3373 887 3475 Sit),
905 3370 977 3449 καί.
1031 3375 1192 3450 Videtur
1208 3377 1441 3472 conjunctum
1468 3379 1578 3456 fuisse
1596 3409 1678 3457 cum
1703 3385 1857 3459 vocibus

464 3500 681 3596 quibusdam
702 3500 766 3599 (an
783 3524 851 3596 pro
868 3499 1055 3574 occasione
1073 3523 1118 3571 an
1136 3498 1241 3572 libito
1268 3499 1441 3573 scribenti
1458 3501 1651 3577 decernere
1676 3505 1855 3603 nequeo⁶)

502 3799 607 3858 ’Vide
619 3800 752 3858 Fellovvs.
762 3799 816 3857 ubi
830 3819 909 3876 supr.
924 3819 972 3858 nn.
982 3803 1010 3868 2,
1022 3803 1049 3858 2.
1065 3802 1092 3868 3,
1104 3801 1133 3856 4.
1224 3799 1328 3858 '’Vide
1350 3799 1488 3858 Buxtorf.
1511 3801 1605 3860 Lair.
1623 3801 1721 3862 ctam
1743 3812 1766 3860 u
1788 3803 1855 3878 Syr.

462 3901 489 3969 7,
505 3903 532 3958 2.
543 3909 597 3958 ete
638 3899 740 3977 Sharp.
754 3919 782 3976 p.
792 3899 859 3963 471.
1182 3917 1211 3975 p.
1225 3895 1292 3963 276.

502 3999 603 4058 'Ibid.
617 4003 675 4059 tab.
687 4003 733 4059 20.
748 4001 800 4058 col.
813 4017 853 4058 111.
868 4021 895 4058 v.
910 3999 953 4064 17.
1223 3999 1235 4030 ⁰
1251 3997 1333 4056 conf.
1347 3997 1478 4056 Fellowa
1493 3997 1557 4060 &el
1570 3998 1675 4056 Xanth.
1698 3998 1751 4056 col.
1766 4016 1785 4056 a
1806 4018 1855 4056 vv.

502 4099 516 4127 ²
530 4101 605 4158 Ibid.
628 4102 687 4160 tab.
701 4097 748 4160 36.
768 4119 817 4158 nn.
833 4101 900 4168 34.
914 4103 942 4170 5,
958 4098 1020 4168 l.'l,
1036 4103 1063 4158 2.
1077 4108 1132 4159 etc
1185 4096 1229 4157 16.
1247 4097 1292 4160 17.
1307 4100 1353 4158 20.
1368 4103 1415 4159 25.
1428 4106 1494 4166 etc,
1510 4107 1540 4156 et
1558 4098 1616 4156 tab.
1631 4095 1677 4158 36.
1699 4117 1748 4155 nn.
1762 4101 1790 4154 2.
1809 4099 1854 4156 13.

463 4203 511 4270 22,
526 4202 552 4257 4.
1185 4199 1229 4257 15.
1270 4197 1369 4257 Nostr.
1383 4217 1430 4256 vv.
1440 4199 1467 4257 3.
1479 4201 1507 4255 4.
