3994 5242
460 547 502 612 20
888 541 1240 616 INSGRLPTIONES
1263 541 1454 610 GRAEOAE.
1591 547 1850 632 [ruscuccnxvn

460 743 631 828 sumptas,
647 731 935 806 commemoratis
953 731 1106 805 subinde
1125 755 1205 829 quae
1218 731 1435 828 jampridem
1460 731 1576 806 doctis
1602 732 1851 829 probabilibus
1974 737 1975 740 ’

458 851 659 926 rationibus
680 850 807 924 innixa
824 850 902 926 visa
924 862 1018 942 sunt,
1035 863 1108 943 aut,
1125 849 1314 924 deficiente
1332 851 1402 927 hoc
1420 853 1591 937 subsidio,
1609 876 1691 949 quae
1708 877 1757 927 ex
1780 853 1851 926 dia·
1975 889 1976 894 ,

459 971 563 1045 lectis
581 970 844 1068 congeneribus
869 981 998 1042 mutuo
1024 983 1166 1066 sumpta
1190 969 1368 1044 elementa
1390 971 1516 1046 saltem
1534 971 1707 1046 doctrinae
1725 998 1851 1071 suppe·
1976 1067 1977 1072 Ἰ

461 1090 577 1164 ditare
596 1101 738 1185 queant
981 1171 982 1178 ἵ

534 1213 563 1286 Ι.
591 1213 778 1286 Habemus
803 1211 842 1284 in
866 1211 991 1308 primis
1008 1213 1153 1297 dominii,
1171 1210 1270 1307 quod
1296 1237 1379 1286 cum
1404 1218 1493 1288 mete
1509 1211 1547 1285 in
1572 1213 1653 1286 loco
1671 1216 1788 1302 tertio,
1814 1229 1852 1288 et

458 1337 573 1412 titulis
602 1336 848 1412 Fellowsianis
872 1334 1006 1423 variis,
1034 1335 1252 1432 respondere
1282 1336 1428 1412 videtur
1459 1337 1597 1414 Graeois
1627 1327 1670 1410 τὸ
1683 1327 1848 1428 -τόδε,
1978 1378 1979 1410 ι

460 1465 520 1538 vei
542 1476 583 1538 ut
604 1463 674 1549 hic,
693 1451 929 1536 rb-rouri.
982 1463 1076 1548 Hoc,
1093 1474 1135 1536 ut
1156 1461 1287 1536 evadat
1308 1461 1510 1562 designatio
1535 1464 1648 1562 magis
1671 1487 1850 1561 expressa

460 1585 638 1658 Neutrum
660 1598 801 1680 ponunt
817 1581 927 1656 fuisse
941 1582 1082 1669 docimi,
1101 1583 1204 1678 cnjus
1221 1582 1434 1656 femininum
1452 1581 1602 1657 fortasse
1619 1583 1796 1658 habemus
1813 1586 1852 1658 in
1979 1582 1980 1606 ¹

461 1703 567 1779 titulo
590 1701 812 1800 Limyrensi,
835 1703 909 1776 soil.
934 1707 1064 1777 dodeid.
1117 1703 1225 1788 Huic,
1244 1727 1356 1800 quum
1379 1703 1566 1800 probabile
1591 1704 1646 1789 sit,
1670 1703 1852 1777 adversari
1980 1784 1981 1798 ἢ

460 1841 613 1912 nequeo,
632 1816 743 1888 miror
759 1839 847 1888 vero
865 1840 937 1888 non
958 1815 996 1889 in
1020 1828 1178 1888 mentem
1196 1816 1336 1889 venisse
1360 1816 1626 1914 perspicacibus
1644 1816 1731 1888 viris
1748 1817 1852 1890 istius

460 1944 549 2015 mete
565 1937 868 2035 comparationem
886 1961 969 2010 curn
995 1937 1172 2034 particula
1189 1938 1318 2011 Latina
1335 1952 1412 2025 md,
1430 1963 1512 2034 quse
1530 1937 1603 2010 vim
1621 1937 1851 2012 discretivam

460 2059 733 2157 pronominibus
764 2060 927 2156 subjecta
953 2058 1089 2152 adfert;
1117 2085 1174 2134 ex,
1193 2086 1222 2133 c.
1249 2074 1382 2160 sponset,
1409 2061 1554 2161 pacaret
1606 2059 1681 2131 Hic
1700 2057 1851 2132 fortasse

459 2181 578 2254 sontes
591 2181 801 2280 attingimus
812 2183 1025 2266 Hetruscos
1036 2181 1106 2255 hoo
1124 2193 1188 2268 est,
1200 2181 1231 2254 si
1247 2181 1338 2256 fides
1356 2182 1403 2254 sit
1418 2179 1594 2278 prosapiae
1605 2175 1851 2264 Herodoteae¹,

461 2301 595 2400 Lydos,
614 2325 686 2397 qua
702 2301 766 2388 via,
778 2299 825 2376 ad
841 2300 932 2376 fines
949 2326 1064 2398 usque
1082 2302 1277 2401 Lyciorum
1296 2327 1406 2374 manu
1422 2301 1499 2398 ipsa
1517 2299 1693 2373 ducimur.

536 2427 583 2500 II.
610 2427 681 2499 His
698 2427 894 2502 intervenit
908 2426 1067 2526 princifo,
1086 2418 1210 2523 ἔργον,
1227 2438 1269 2500 ut
1285 2425 1525 2500 communiter
1541 2422 1712 2514 reddunt,
1730 2420 1795 2494 sed
1812 2422 1850 2494 in

458 2557 540 2631 loco
562 2568 695 2642 nostro,
713 2579 796 2629 cum
821 2551 948 2648 μνῆμα
973 2556 1137 2652 subjecto
1154 2553 1378 2650 capiendum.
1430 2553 1525 2626 Vice
1546 2549 1660 2624 nostri
1676 2548 1852 2622 habemus

458 2677 498 2750 in
515 2675 763 2749 Feilowsianis
772 2674 933 2774 prindro,
944 2673 1107 2774 poiadfri
1118 2674 1289 2774 primasii,
1307 2695 1461 2768 qnorum
1479 2669 1647 2766 exempla
1669 2665 1852 2764 prodeunt

458 2800 497 2873 in
514 2795 644 2872 variis¹.
702 2797 748 2868 In
775 2795 941 2893 sepulcro
967 2793 1125 2890 quodam
1143 2791 1317 2878 Xanthio‚
1336 2790 1433 2866 unde
1457 2789 1569 2863 habui
1594 2785 1740 2864 titulum
1767 2808 1852 2880 qua-

460 2918 700 3017 dripartitum,
727 2915 903 3013 conspexi
923 2915 1079 3014 priadsd
1102 2925 1140 2986 et
1156 2911 1317 3012 prindro.
1372 2909 1521 2984 Variata
1544 2905 1623 2980 haec
1645 2904 1756 2978 fuisse
1783 2927 1850 3000 pro

459 3036 623 3112 dialectis
650 3033 938 3131 discrepantibus
962 3032 1144 3130 suspicor3
1173 3029 1287 3103 errori
1306 3054 1394 3103 vero
1421 3025 1660 3104 describentis
1691 3025 1852 3102 tribuen-

459 3159 547 3233 dum
560 3155 652 3230 illud
662 3152 829 3255 poiadsri,
847 3153 917 3228 nisi
935 3163 1069 3228 statuas
1082 3149 1202 3249 (quod
1214 3148 1286 3222 fide
1300 3150 1419 3222 minus
1433 3148 1584 3246 dignum
1597 3143 1764 3242 videtur)
1779 3143 1851 3217 hoc

457 3280 639 3356 recentius
661 3280 846 3353 invectum
871 3276 982 3350 fuisse
1003 3275 1050 3350 ad
1071 3275 1259 3372 exemplar
1275 3274 1375 3348 vocis
1392 3265 1506 3346 ποιέω
1523 3271 1690 3345 effictum.
1744 3266 1849 3344 Cons.

458 3410 557 3484 artic.
570 3431 621 3482 ιν.
640 3406 741 3480 infra.

533 3533 601 3607 III.
626 3531 722 3607 Meto
737 3530 908 3605 convenit
930 3528 1081 3603 fortasse
1101 3552 1185 3602 oum
1210 3520 1326 3615 τουτί,
1346 3538 1387 3599 ut
1405 3523 1528 3596 notavi
1554 3546 1662 3621 supra
1683 3521 1723 3594 in
1746 3531 1808 3593 art
1824 3541 1847 3592 1.

459 3657 648 3754 Apparent
664 3666 702 3728 et
717 3665 819 3740 mute,
836 3655 968 3726 mdndm.
1021 3647 1126 3726 Conf.
1145 3648 1226 3722 infr.
1244 3647 1342 3722 artic.
1357 3668 1436 3720 x111.

496 3850 510 3888 ¹¹
526 3849 608 3910 Conf.
621 3849 743 3919 Troada,
755 3857 801 3907 eto.
812 3845 869 3906 vol.
882 3862 900 3904 1.
912 3865 941 3922 p·
950 3847 1018 3905 225.
1029 3843 1086 3902 vol.
1096 3859 1127 3899 11.
1178 3861 1227 3900 nn.
1245 3845 1290 3912 ll,
1308 3844 1332 3899 l.
1356 3843 1401 3910 18,
1420 3843 1444 3898 l.
1458 3850 1488 3899 et
1508 3841 1539 3896 in
1558 3837 1632 3897 stela
1649 3836 1760 3896 Xanth.
1778 3835 1849 3894 ibid.

457 3953 517 4010 tab.
526 3949 573 4011 36.
588 3968 637 4006 nn.
652 3951 681 4006 2.
691 3951 755 4009 4.5.
768 3949 796 4011 7.
810 3955 865 4005 etc.
1179 3941 1293 4000 sabao.
1307 3939 1361 3997 ool.
1373 3941 1399 3996 3.
1413 3958 1440 3995 v.
1453 3941 1480 3996 8.

497 4057 503 4090 ¹
525 4049 664 4110 Ibidvol.
674 4065 705 4107 ιι.
716 4047 771 4107 ubi
782 4066 862 4124 supr.
873 4065 902 4103 n·
914 4049 941 4108 3.
950 4065 979 4104 r.
987 4047 1011 4102 l.
1019 4055 1050 4102 et
1060 4043 1128 4102 insr.
1219 4043 1239 4074 ¹²¹
1253 4035 1336 4096 Conf.
1356 4035 1488 4094 Fellows.
1510 4035 1596 4092 voir.
1618 4052 1646 4109 p.
1658 4034 1725 4092 225.
1738 4051 1767 4122 ιι.
1776 4037 1804 4092 2.
1819 4043 1850 4090 et

455 4165 686 4210 n.ocnxxxv111.
1178 4137 1235 4198 rol.
1256 4154 1287 4195 11.
1308 4136 1364 4196 ubi
1381 4154 1460 4212 supr.
1476 4152 1526 4190 nn.
1550 4137 1576 4192 2.
1594 4134 1638 4190 ll.
1678 4131 1849 4208 Utrumque

495 4247 601 4307 ¹‘Vide
614 4264 632 4304 1.
647 4247 694 4311 94.
1176 4236 1281 4314 agnovi
1308 4236 1340 4294 in
1366 4234 1462 4294 titulis
1488 4232 1566 4290 binis
1590 4249 1663 4307 quos
1686 4229 1779 4288 habui
1811 4249 1848 4288 ex
1954 4237 1975 4264 ⁶

496 4355 501 4387 ¹
520 4347 652 4406 Fellows.
665 4343 721 4404 vob
733 4360 751 4400 1.
767 4362 796 4420 p.
810 4343 877 4402 225.
898 4340 955 4399 vol.
964 4357 994 4398 11.
1008 4341 1067 4398 tab.
1078 4339 1124 4402 36.
1176 4334 1304 4395 Xantho.
