3994 5244
492 523 554 588 ιιι
899 517 1253 587 msomrmorms
1276 518 1469 587 onnon.
1582 519 1890 603 [moncatum.

490 709 642 807 adgesto
668 731 771 805 passe
797 706 917 781 fuerat
942 707 1132 804 inscriptio
1148 729 1298 780 eernere
1322 705 1409 779 licet
1436 705 1594 780 maxime
1611 705 1651 779 in
1668 732 1726 780 vv,
1749 709 1835 780 6-9.
1855 721 1891 780 et

494 833 548 900 11.
570 831 624 900 12.

566 945 720 1020 Homeri
737 946 1041 1020 studiosissimum
1060 970 1098 1019 se
1115 945 1238 1043 prodit
1256 945 1457 1022 Gemellus.
1512 946 1555 1017 In
1574 971 1606 1018 v.
1624 950 1654 1019 1.
1669 947 1890 1044 exemplaris

491 1075 729 1162 meminimus,
756 1061 949 1165 Αὐδῆεντα
974 1059 1006 1142 δ’
1028 1063 1136 1163 ἔθηκε
1170 1061 1238 1144 θεοὶ
1264 1061 1497 1146 λευκώλενος
1509 1055 1638 1168 Ἧρηὴ,
1664 1085 1703 1147 et
1728 1074 1769 1146 in
1796 1100 1829 1144 v.
1853 1078 1886 1146 2.

492 1195 551 1270 fin.
582 1189 789 1297 ἐελδομένῳ
820 1179 860 1267 δέ
889 1221 954 1287 μοι
983 1184 1104 1286 ἦλθον
1132 1178 1244 1294 ”odd
1270 1205 1350 1269 etc.o
1419 1197 1462 1267 In
1490 1197 1523 1266 5.
1551 1197 1645 1270 med.
1669 1198 1779 1272 intuli
1807 1187 1887 1272 έπέ-

492 1327 609 1395 κλυον
639 1347 687 1396 ex
714 1323 842 1396 eodem
867 1319 997 1394 sonted:
1027 1333 1189 1417 poteram
1215 1333 1254 1392 et
1279 1307 1465 1395 ε’σέκλυον
1495 1349 1543 1397 ex
1570 1321 1609 1398 S.
1674 1321 1718 1394 In
1746 1324 1780 1394 6.
1812 1323 1889 1394 init

491 1449 594 1523 dedit
610 1451 784 1522 Letronn.
802 1436 960 1520 Ἠελίου
978 1439 1123 1538 λίμνης,
1141 1446 1201 1518 cui
1226 1470 1300 1519 non
1319 1448 1485 1522 obnitor:
1515 1449 1580 1522 sed
1604 1447 1698 1521 conf.
1719 1469 1887 1522 cccnm.

493 1579 525 1647 5.
545 1589 647 1648 metr.
668 1599 763 1672 supr.
806 1567 930 1667 Λίμνη
949 1588 1004 1647 est
1029 1575 1199 1660 Oceanus,
1217 1573 1313 1648 utin
1334 1577 1444 1649 Hom.
1462 1561 1616 1649 Ἠέλιος
1636 1561 1667 1643 δ
1688 1561 1889 1669 ἀνόρουσε,

491 1687 613 1770 λιπὼν
642 1685 876 1794 περικαλλέα
903 1687 1062 1792 λίμνην,
1091 1698 1188 1796 apud
1219 1723 1328 1796 quem
1363 1713 1401 1773 et
1435 1703 1517 1774 obv.
1546 1683 1707 1793 Ἕυθομε
1740 1693 1890 1788 μείλανι

491 1811 629 1923 πόντῳ,
650 1811 936 1920 ἐπεστονάχησε
964 1813 1005 1894 δὲ
1034 1813 1168 1916 λίμνηῐ.
1226 1825 1367 1898 Pariter
1393 1825 1557 1924 Euripid.
1585 1813 1789 1912 Ἀνύσαιμι
1821 1822 1889 1894 τᾶν

492 1941 640 2036 ἀοιδῶν,
654 1935 721 2018 'lv'
749 1941 769 2019 ὁ
798 1931 1043 2039 ποντομέδων
1060 1934 1279 2047 πορφυρέαο
1297 1943 1433 2044 λίμνας
1456 1939 1622 2025 Ναόταιο
1637 1941 1705 2019 οὐκ
1725 1936 1776 2018 ἕὸ
1799 1937 1888 2018 ὁδὸν

493 2058 616 2162 υέμειῑ.
673 2073 733 2148 sic
759 2073 881 2146 Latini
906 2085 1031 2170 υτοριιο
1056 2071 1213 2168 passim.
1265 2076 1362 2149 Dein
1388 2077 1426 2149 in
1452 2101 1572 2171 περικ.
1594 2069 1725 2170 ῥεῖθρα
1750 2073 1888 2168 conspi-

492 2195 608 2270 cimus
630 2197 784 2270 Homeri
811 2187 911 2272 καλὰ
938 2182 1092 2293 ῥέεθραῑ.
1145 2197 1189 2269 1n
1221 2201 1251 2270 7.
1279 2199 1359 2274 init.
1389 2199 1482 2273 conf.
1511 2189 1687 2291 ἀντολίηο
1715 2194 1887 2288 βασιλῆα

491 2346 575 2394 eum
609 2303 801 2410 βασιλέως
830 2307 922 2421 ἑῴου
949 2323 987 2393 in
1022 2345 1251 2400 cccnxxxrv.
1283 2327 1316 2398 3.
1347 2337 1451 2400 metr.
1521 2327 1629 2400 Juste
1661 2323 1779 2398 sorme
1813 2337 1888 2396 emt

492 2437 671 2540 ἀνατολή,
706 2446 803 2520 unde
837 2448 996 2522 metricis
1030 2447 1231 2522 rationibus
1266 2441 1420 2544 ἀντολὴ,
1456 2445 1625 2538 ἀντολία,
1653 2438 1886 2541 ἀντολίηθεν,

493 2563 736 2664 ἀντολίηνδδ.
789 2573 833 2644 In
864 2597 898 2644 v.
929 2573 963 2646 8.
993 2571 1113 2644 haereo
1142 2573 1249 2647 etiam
1281 2599 1388 2649 nuno.
1442 2575 1642 2650 Saltianum
1668 2560 1811 2669 πέτρου
1835 2587 1887 2646 est

491 2691 619 2788 procul
636 2690 748 2763 dubio
766 2715 912 2782 sanum3
939 2689 1003 2763 sed
1022 2715 1095 2762 non
1112 2691 1222 2763 retuli
1242 2691 1339 2764 illius
1359 2700 1402 2778 Ν,
1421 2716 1494 2788 quo
1511 2705 1668 2787 recepto,
1686 2689 1886 2763 instaurare

490 2815 615 2912 poesis,
635 2805 762 2911 Αὐτὰρ
784 2816 849 2886 νῦν
867 2804 1019 2911 πέτρου,
1037 2829 1105 2888 eto.
1124 2814 1161 2887 h.
1180 2839 1211 2888 e.
1230 2815 1383 2890 Jamdiu
1402 2829 1432 2892 te
1448 2841 1559 2916 repent
1582 2813 1721 2889 orientis
1735 2815 1825 2912 feeit
1839 2813 1885 2898 .Ι.,

492 2955 530 3016 at
545 2967 637 3017 πιοιο
653 2941 743 3014 sani.
772 2939 911 3013 Eodem
923 2939 1036 3012 serme
1054 2939 1185 3014 recidit
1201 2939 1301 3036 quod
1318 2939 1549 3038 praetulerim,
1570 2939 1636 3011 νῦν
1648 2929 1678 3011 δ’
1693 2930 1822 3035 ἔτυχες
1832 2965 1885 3026 π.,

493 3087 588 3136 nuno
604 3085 686 3136 vero
703 3085 831 3134 οαυυοι
848 3059 1063 3158 adsequatur
1080 3085 1129 3152 ee,
1158 3085 1206 3132 sc.
1229 3059 1323 3133 intra
1345 3059 1469 3135 limites
1494 3059 1567 3159 ηἰιι
1591 3059 1786 3134 contineris.
1839 3060 1885 3131 Ni

491 3183 602 3257 falsus
629 3183 706 3275 sim,
732 3181 895 3255 indicant
912 3182 1023 3254 verba
1040 3182 1253 3255 dentinutum
1277 3182 1389 3274 decus,
1411 3207 1466 3256 τω
1483 3184 1659 3266 adoneae,
1677 3203 1751 3275 quo
1780 3205 1885 3253 sensu

491 3299 664 3406 τυγχάνω
677 3333 699 3381 α
711 3307 959 3405 Xenophonte
977 3321 1189 3403 usurpatum
1207 3308 1408 3382 cernimus:
1430 3300 1518 3379 ἔνθα
1529 3295 1574 3398 δὴ
1585 3295 1884 3398 μαλακισάμενοι

491 3424 560 3526 μὲν
587 3423 737 3506 πάντων
765 3418 812 3504 ἂν
841 3431 913 3506 τῶν
941 3423 1217 3530 χαλεπωτάτων
1246 3422 1439 3530 τύχοιμεν.
1491 3433 1536 3504 In
1566 3430 1625 3504 fin.
1659 3456 1693 3503 v.
1723 3429 1884 3502 adscisco

533 3708 640 3766 '’llind.
655 3706 688 3764 τ’.
703 3707 769 3771 407.
1213 3715 1302 3764 torar
1323 3715 1347 3763 ot
1368 3706 1419 3762 loti
1438 3714 1537 3780 ιιαραο
1555 3705 1697 3779 profundi
1718 3703 1886 3764 Gondtdmt

532 3819 542 3842 ⁰
557 3809 662 3886 Odyss.
675 3811 716 3883 μ’.
731 3809 799 3866 438.
1213 3823 1331 3863 somnne.
1352 3805 1401 3862 Sin
1412 3804 1442 3861 in
1453 3821 1481 3862 τ.
1493 3807 1560 3864 500.
1572 3803 1641 3862 ibid
1657 3812 1688 3861 et
1700 3803 1810 3862 Luem.
1823 3821 1883 3862 τιτι.

532 3911 543 3944 ‘¹
558 3910 639 3968 Uied.
654 3907 699 3982 dl·
712 3907 778 3969 652.
1214 3907 1280 3966 853.
1294 3913 1348 3963 ete.

533 4020 543 4044 ²
557 4009 660 4088 Odyse
674 4012 712 4080 η).
726 4010 749 4064 l.
1252 4003 1258 4036 ¹
1276 4003 1360 4062 Iliad.
1374 4006 1411 4072 φ’.
1425 4006 1493 4064 238.
1509 4005 1574 4062 244.

533 4109 542 4142 ¹
556 4107 640 4167 Iliad.
653 4111 689 4164 μ’.
703 4105 750 4171 79.
1254 4105 1264 4137 ¹
1280 4103 1362 4162 conf.
1379 4103 1476 4178 Odytt.
1495 4103 1536 4178 μ’.
1549 4104 1576 4159 4.
1598 4100 1721 4179 Dionys.
1743 4102 1875 4176 Perieget

530 4218 543 4251 ⁸
557 4205 711 4284 Hippolyt.
720 4203 786 4268 740.
798 4224 833 4262 ια
1214 4199 1281 4261 260.
1301 4199 1428 4258 Λαοίτα.
1440 4195 1573 4276 (Br.)111.
1591 4201 1654 4257 134.

532 4307 602 4365 *ct
618 4305 733 4374 Silium,
751 4321 802 4361 vn.
823 4307 889 4361 282.
906 4323 927 4362 α
953 4304 1060 4364 Cunna
1077 4321 1128 4378 μετ
1141 4313 1164 4360 ει
1257 4303 1352 4362 ¹Inst.
1370 4303 1438 4382 Cyr.
1452 4319 1493 4360 tv.
1508 4305 1535 4360 2.
1548 4305 1595 4360 21.
