3918 5240
97 576 372 658 souma]
717 563 883 632 rurum.
1410 555 1472 620 ras

96 785 180 857 opus,
196 760 304 834 ita-et
326 757 373 832 sd
395 755 534 831 exitum
561 752 787 852 perduxisse,
813 749 1093 844 occasionesque
1119 747 1230 821 fuisse
1256 761 1470 822 memoratas

97 897 129 951 ut
143 879 335 978 diligentiae
352 877 585 973 simulatque
602 874 829 948 liberalitatis
846 869 973 946 laudes
989 880 1282 965 consequeretur.

156 1000 314 1097 Reliqua¹
333 999 419 1073 satis
442 998 481 1076 in
505 996 698 1096 propatulo
726 1007 819 1068 sunt.
873 994 1035 1088 Tempus
1064 989 1221 1062 absoluti
1247 989 1367 1086 operis
1394 1000 1473 1062 erat

96 1143 193 1194 mnus
206 1119 445 1194 duodecimus
453 1117 601 1214 Trajani
612 1117 676 1212 qni
685 1116 863 1211 imperare
880 1112 989 1210 coepit
1006 1134 1100 1184 anno
1114 1110 1261 1182 ineunte
1274 1111 1319 1184 U.
1330 1107 1371 1184 C.
1386 1109 1471 1182 851.

96 1236 225 1333 epochas
249 1247 361 1311 nostr.
383 1238 466 1310 109.
524 1235 726 1308 Versamur
749 1257 859 1330 porro
881 1233 920 1304 in
940 1255 1062 1304 mense
1085 1231 1235 1314 Pastor,
1253 1232 1357 1327 cujus
1375 1231 1472 1304 diem

96 1383 206 1432 nonum
222 1359 337 1456 posui,
355 1357 426 1432 hoc
443 1368 508 1444 est,
526 1379 576 1430 rv.
591 1357 714 1428 Nonas
726 1355 853 1428 Maias.
907 1353 971 1428 Sin
985 1351 1167 1426 arrideant
1183 1351 1386 1425 numerales
1405 1351 1472 1424 Le·

97 1477 222 1571 tronnii,
240 1478 398 1552 scribere
416 1489 560 1574 oportet
577 1476 636 1551 vel
654 1499 703 1550 vu
725 1475 783 1548 vel
802 1474 923 1548 Pridie
943 1473 1040 1548 Idus.
1058 1513 1062 1520 ·

359 1783 544 1858 PHILAE.
597 1777 781 1875 chang.
823 1777 907 1884 fill
939 1776 1008 1878 ofili
1039 1773 1168 1884 tffil.

648 1977 856 2054 CCCLlV.
881 2002 912 2049 a.

384 2145 466 2216 ΒΑΕ
862 2134 1055 2218 Βασιλέως
1072 2137 1172 2214 Πτο-

380 2265 473 2334 ΛΕΜ
861 2255 1029 2352 λεμαίου,
1050 2259 1116 2330 τοῦ
1137 2251 1196 2328 καὶ
1219 2251 1225 2266 '

381 2385 470 2453 ΑΛΕ
859 2364 1130 2474 Ἀλεξάνδρου,
1149 2363 1192 2444 τὸ

383 2504 506 2576 11ΡοΙὶ
860 2481 1123 2589 προσκύνημα,
1138 2484 1199 2560 καὶ

308 2627 329 2696 5
382 2625 477 2694 ΤΗ[
861 2606 927 2700 τῆς
948 2599 1204 2698 Βασιλίσσης,

421 2745 454 2812 Α
539 2731 544 2740 ’
862 2723 923 2801 καὶ
942 2725 1015 2800 τῶν
1033 2717 1182 2799 τέκνων.
1211 2706 1347 2796 Ἔτους

368 2885 370 2893 ’
387 2865 452 2934 nn
863 2845 948 2945 (τοῦ
961 2839 1111 2940 δεῖνος),
1125 2831 1264 2940 Παχὼν
1276 2835 1339 2938 (τῇ
1354 2825 1477 2928 δεῖνι).

163 3048 352 3146 Descripta
369 3047 414 3121 de
433 3045 616 3144 propylaeo
634 3041 764 3114 aedium
781 3036 888 3112 Isidis
906 3034 1004 3132 apud
1017 3029 1158 3123 Philas¹,
1172 3027 1218 3102 ad
1237 3039 1372 3125 partem
1392 3021 1477 3093 dex·

102 3277 286 3354 Congruentis
305 3277 430 3334 invicem
449 3271 567 3330 nomina
581 3280 611 3328 et
624 3278 756 3344 tempora
805 3282 833 3340 p.
844 3263 891 3321 53.
914 3259 970 3317 llis
980 3278 1048 3317 oum
1057 3258 1157 3316 fructu
1169 3254 1315 3314 addideris
1325 3271 1390 3328 opp.
1402 3249 1477 3306 doct.

101 3377 283 3450 conjecturum
297 3375 368 3433 sctis
378 3369 557 3449 probandam
568 3367 681 3424 faciunt
689 3383 753 3442 pro·
807 3357 985 3434 Francogall
1001 3357 1134 3422 Lancret,
1145 3353 1274 3421 Jomsrd,
1286 3351 1362 3418 Gau,
1371 3361 1425 3406 etc.

101 3472 209 3534 ditorem
217 3475 315 3534 classis
324 3474 414 3531 fuisse
423 3481 536 3548 patrem
547 3466 648 3525 nostri.
674 3463 756 3523 Coos.
817 3467 820 3474 '
846 3432 1473 3530 Nomenscopttselarumerssllrhang,

102 3571 225 3634 Letronn.
236 3575 290 3635 nbi
303 3593 383 3650 supr,
399 3591 427 3648 p.
441 3571 504 3629 lll.
518 3576 578 3625 not.
596 3569 618 3624 l.
808 3552 887 3630 quod
902 3561 932 3610 et
952 3537 1165 3632 Htsihasg,
1186 3532 1415 3631 Πὰῇλὰκὸ,
1433 3561 1477 3617 jn.

133 3671 236 3732 Utrum
259 3669 399 3729 adhunc
422 3667 588 3744 pertineant
606 3681 670 3738 qna
691 3679 756 3717 nar·
807 3651 1311 3725 dicantiaomnioinfim'bussitum:
1325 3653 1478 3711 conlinfr.

102 3782 192 3829 rantur
200 3774 231 3829 in
241 3771 289 3828 tit.
301 3769 403 3828 Oasen
411 3780 542 3824 ccoem·
552 3757 757 3836 ambigendum
809 3771 925 3814 cccmx.
956 3773 979 3810 o
1007 3755 1051 3810 ll.
1079 3771 1101 3807 s.
1129 3761 1159 3808 et
1186 3747 1361 3807 Wilkinson.
1391 3751 1478 3826 Topo-

102 3867 172 3926 dnco.
191 3869 275 3929 Conf.
285 3863 496 3943 argumrull.
511 3863 542 3918 in
557 3860 629 3917 loco.
807 3853 916 3930 prcply
937 3853 974 3926 os
990 3849 1095 3917 Thebes,
1124 3867 1172 3924 pp.
1192 3845 1339 3913 466-469.
1380 3851 1480 3908 Addag

134 3974 194 4033 ¹De
213 3971 307 4031 Philia
320 3969 404 4027 adesa
418 3966 554 4026 Strabon.
569 3977 644 4020 xvu
663 3961 687 4016 l.
711 3977 758 4034 pp.
810 3952 1021 4030 champollion,
1042 3936 1151 4024 Epypte
1170 3965 1236 4004 sous
1261 3945 1298 4005 les
1318 3949 1477 4017 Pharaone,

104 4069 255 4132 lttss‘r.
282 4069 457 4127 Plin.v.10.
473 4067 516 4122 10.
545 4063 644 4120 Seneo.
659 4057 758 4127 Quart.
809 4063 911 4111 tomi.
926 4051 1010 4109 ch.4.
1025 4067 1072 4126 pp.
1088 4047 1230 4107 154-158.
1271 4047 1478 4118 Quntremerii,

105 4169 160 4229 uu
174 4189 214 4230 ιν.
235 4173 263 4227 2.
277 4172 304 4228 3.
344 4167 428 4224 Inter
449 4161 612 4228 hodiernos,
629 4155 758 4216 Madoxii
808 4153 893 4210 Mem.
916 4147 1073 4224 Ge'oyroph
1097 4147 1130 4203 de
1149 4131 1286 4221 l'quplc,
1309 4163 1328 4203 1.
1362 4167 1390 4224 p.
1412 4153 1477 4208 384,

104 4269 158 4328 libr.
169 4269 349 4334 asenniam,
365 4273 421 4323 eto.
443 4261 499 4320 vol.
514 4277 533 4318 1.
553 4279 582 4336 p.
595 4257 661 4318 368.
682 4254 759 4313 Wil·
808 4249 954 4327 Equidem
972 4255 1053 4325 patet
1065 4265 1102 4303 ex
1118 4243 1228 4322 dispari
1248 4246 1393 4304 scribendi
1409 4251 1479 4305 roti-

104 4369 204 4441 kinson,
216 4369 331 4444 AEpypt
346 4365 442 4438 Antiq.
464 4360 519 4418 vol.
536 4375 578 4416 111.
598 4377 627 4434 p.
642 4357 708 4415 403.
730 4370 757 4411 V.
809 4371 863 4410 one
877 4351 1046 4409 Graecorum
1061 4351 1153 4416 Φιλαι,
1169 4345 1265 4408 einer,
1286 4367 1350 4423 quae
1364 4359 1393 4405 et
1407 4371 1478 4428 oxy.

1262 4453 1279 4486 1
