3918 5240
457 514 518 580 158
854 503 1207 573 INSORIPTIONES
1231 504 1424 572 GRAEOAE.
1592 509 1840 594 [ruscaccctnr.

454 700 629 799 propylaei
646 698 776 771 aedium
793 695 870 771 Soli
886 693 1143 780 dedicatarum,
1159 706 1372 792 argumento
1388 695 1503 792 petito
1520 697 1716 795 avestigiis
1735 697 1842 772 hiero·

454 821 632 920 glyphicis
650 819 725 892 illic
751 818 788 890 in
815 842 903 890 saxo
924 817 1100 913 repertis'.
1154 817 1245 888 Haec
1271 840 1343 888 non
1367 815 1457 888 mihi
1480 817 1633 914 contigit
1653 817 1777 892 videre
1799 819 1842 891 ob

455 965 598 1014 causam
629 937 731 1011 brevi
757 934 1041 1009 memorandam:
1069 935 1258 1031 probabile
1276 946 1397 1008 tamen
1423 959 1507 1009 reor
1530 937 1569 1009 in
1592 953 1694 1035 parte
1720 937 1842 1038 lapidis

455 1061 515 1135 vel
527 1057 702 1158 propylaei
719 1082 801 1153 quae
816 1055 1043 1153 jamdudum,
1061 1055 1099 1128 vi
1115 1055 1352 1128 barbarorum
1369 1053 1479 1143 illata,
1497 1058 1654 1143 evanuit,
1672 1059 1843 1156 insculpta

456 1179 621 1276 quadam
651 1177 834 1250 exstitisse
857 1176 906 1249 ob
933 1174 1058 1248 oculos
1079 1174 1250 1272 ponentia
1271 1175 1345 1248 vim
1375 1174 1470 1250 Solis
1495 1179 1752 1275 generativam,
1769 1203 1843 1276 qua

455 1303 532 1399 ipsa
545 1301 582 1374 in
594 1299 851 1398 AEgyptiorum
863 1295 1057 1394 theogonia
1070 1321 1260 1394 personam
1271 1297 1392 1372 induit
1402 1299 1471 1372 sub
1485 1302 1603 1398 specie
1614 1301 1659 1374 K
1658 1303 1755 1391 bera&
1771 1303 1803 1376 h.
1816 1327 1841 1375 e.

457 1424 576 1496 Panis.
629 1419 782 1492 Minime
809 1442 897 1491 vero
924 1417 1146 1491 intellexisse
1170 1418 1317 1492 videtur
1346 1419 1550 1494 Poooekius
1580 1423 1841 1521 inscriptionem

458 1567 556 1616 suam
585 1565 666 1638 quac
697 1539 831 1612 diserte
860 1549 982 1611 narrat
1011 1563 1108 1634 seqq.
1162 1539 1351 1612 Tiberium
1371 1539 1566 1614 Claudium
1589 1543 1843 1640 Apollinarem,

458 1685 637 1736 summum
669 1657 891 1732 sacerdotem
922 1657 1110 1756 Triphidis
1139 1669 1176 1732 et
1203 1661 1321 1747 Panis,
1353 1661 1529 1734 struxisse
1561 1663 1842 1762 (propylaeumll

458 1781 559 1877 quod
576 1782 677 1868 Pani,
696 1780 765 1853 deo
782 1781 952 1868 maximo,
970 1779 1116 1868 dicavit,
1135 1805 1299 1878 opusque
1314 1782 1362 1856 ad
1378 1781 1488 1857 finem
1506 1783 1617 1860 suisse
1634 1786 1842 1883 perductum

458 1902 497 1974 in
514 1927 609 1975 anno
627 1897 845 1975 duodecimo
863 1902 1006 1999 imperii
1025 1903 1181 1998 Trajani.

533 2021 652 2096 Incidi
665 2021 704 2096 in
717 2035 991 2096 monumentum
1010 2021 1234 2119 perlustrans
1247 2022 1380 2097 rudera
1392 2047 1475 2120 quae
1488 2025 1702 2122 paucissima
1717 2039 1844 2100 restant

458 2143 583 2243 oppidi
599 2144 743 2218 vetusti.
797 2143 988 2219 Structura
1013 2155 1091 2218 erat
1113 2143 1280 2242 oblonga,
1304 2145 1412 2218 rectis
1429 2146 1571 2244 angulis
1589 2145 1748 2234 delinita,
1771 2146 1844 2244 plus

458 2265 577 2338 minus
594 2262 788 2337 duodecim
805 2261 916 2360 pedes
933 2259 1071 2336 habens
1084 2262 1323 2361 longitudinis
1336 2276 1373 2337 et
1391 2265 1573 2339 semissem
1592 2265 1733 2340 moduli
1750 2267 1844 2340 istius

353 2425 360 2442 ·
457 2385 669 2472 latitudinis,
692 2385 881 2458 introitum
903 2407 1049 2482 quoque
1072 2398 1221 2460 arcuato
1238 2385 1389 2460 similem
1416 2387 1480 2482 qui
1501 2387 1617 2461 factus
1644 2387 1764 2461 fuerat
1785 2386 1845 2460 dis·

457 2519 567 2603 rupto
584 2529 605 2578 a
622 2501 779 2600 quodam
790 2503 1001 2576 vicariorum
1016 2527 1105 2576 saxo
1122 2513 1165 2576 ut
1180 2503 1298 2578 vicem
1313 2503 1487 2578 domicilii
1499 2529 1642 2579 camera
1658 2531 1740 2602 quaa
1756 2505 1845 2578 intus

498 2725 604 2784 'Confi
619 2723 715 2781 Deser.
731 2715 816 2798 ostlte
827 2718 908 2786 East,
922 2717 979 2775 roh
990 2734 1009 2774 1.
1025 2735 1052 2793 p.
1062 2715 1130 2780 277.
1182 2720 1291 2778 trinam
1309 2721 1412 2798 attigit
1431 2729 1463 2779 et
1476 2720 1623 2780 Diodorus
1643 2722 1676 2778 in
1692 2721 1760 2779 libr.
1774 2738 1792 2777 1.
1808 2721 1846 2777 ll.

459 2825 640 2884 Confirmant
658 2820 841 2878 Pocockiana
866 2817 897 2874 in
924 2816 1061 2894 plurimis
1087 2833 1132 2872 re-
1183 2818 1235 2875 ubi
1249 2819 1352 2876 asserit
1366 2818 1462 2878 Solem
1476 2819 1642 2896 nuncupari
1658 2817 1791 2877 Osiridaa
1803 2815 1846 2893 (et

458 2925 599 2983 centiores
623 2921 706 2979 citati
728 2939 745 2976 a
765 2917 926 2976 Letronnio
953 2915 1007 2974 ubi
1032 2933 1131 2991 supra,
1183 2919 1334 2978 Plutarch.
1349 2921 1394 2978 De
1403 2920 1443 2978 Ia.
1456 2929 1480 2978 et
1492 2919 1538 2980 Os.
1553 2933 1591 2976 nr.
1603 2919 1741 2995 alibique,
1753 2927 1782 2976 et
1791 2915 1846 2974 hit·

458 3045 507 3103 pp.
516 3027 580 3083 lot.
588 3041 609 3080 s.
619 3039 730 3096 nempe,
740 3019 837 3076 Sanct.
849 3015 986 3075 Genisius
996 3016 1026 3072 in
1033 3015 1131 3072 Destr-
1183 3019 1262 3076 orob
1271 3018 1385 3077 suam
1400 3035 1418 3076 1.
1430 3015 1502 3093 at),
1517 3025 1548 3076 et
1561 3018 1593 3074 in
1607 3016 1763 3094 25.''0npn
1772 3046 1784 3059 ·
1793 3047 1805 3058 ·
1815 3044 1846 3056 ··

459 3109 636 3200 del'Elqypte,
651 3133 760 3178 tom-11.
773 3128 831 3175 not.
841 3117 980 3184 Achivum,
995 3117 1099 3192 pp.22.
1110 3133 1131 3172 8.
1184 3123 1281 3176 tobati
1303 3123 1380 3176 l'Ia'iaoe
1402 3119 1551 3194 atropium·
1592 3119 1709 3177 Diserte
1728 3116 1848 3176 Mmmb

461 3211 1056 3292 Cailliaud.Voy.dMe'roc‘,rrnpp.304.ss.
1072 3211 1131 3268 Ha·
1184 3217 1238 3297 ubi
1259 3235 1339 3294 supr.
1360 3237 1384 3274 c.
1405 3220 1453 3274 22.
1475 3217 1543 3274 Pon
1566 3217 1632 3292 apae,
1657 3235 1734 3292 quera
1760 3221 1849 3273 mount

460 3319 534 3376 milt.
545 3317 701 3391 inAEpypt
712 3333 739 3392 p.
750 3312 816 3374 263.
838 3313 983 3389 Agnoscit
994 3313 1133 3370 Latronn.
1184 3311 1295 3382 Ianum,
1314 3311 1362 3370 sut
1381 3312 1430 3370 hoc
1448 3311 1542 3370 tates
1562 3331 1615 3388 qao
1635 3314 1756 3370 amour
1767 3309 1850 3371 suas

460 3420 491 3475 in
506 3415 724 3474 narrationibus
737 3429 840 3470 eorum
854 3410 997 3488 spheram
1007 3411 1038 3468 in
1047 3410 1134 3488 plano
1183 3429 1211 3468 ae
1222 3427 1276 3468 erac
1282 3409 1506 3485 prudentioribus
1514 3411 1646 3486 pomittit
1659 3409 1775 3485 intelligi
1798 3411 1849 3466 At-

460 3517 619 3594 projectam
637 3509 848 3594 (Planiapbdre)
869 3531 907 3569 sc.
923 3510 1088 3578 Zodiacum,
1103 3509 1134 3565 in
1184 3507 1237 3584 qui
1255 3508 1335 3566 inter
1355 3507 1452 3566 Solem
1472 3517 1503 3566 et
1516 3507 1671 3578 Osiridam,
1690 3527 1763 3584 quos
1781 3506 1850 3564 invi-

461 3634 521 3693 quo
528 3615 636 3691 species
645 3632 675 3671 se
684 3612 816 3689 produnt
825 3609 977 3678 Scarabssi,
987 3607 1046 3667 he.
1060 3607 1134 3668 Oan-
1184 3627 1246 3666 cern
1265 3607 1336 3666 adeo
1355 3607 1555 3666 confuderunt
1575 3607 1689 3684 scriptt.
1712 3605 1805 3664 Graeci
1824 3616 1851 3662 et

460 3707 1134 3789 cri,Centauri(Sapt'ttaria),0aprioorni,Tauri.
1186 3705 1309 3764 Romani
1327 3705 1514 3784 mythologie
1534 3705 1661 3784 AEgypti
1680 3725 1784 3783 parurn
1803 3703 1850 3761 sci·

462 3805 1135 3890 Hinoexplioatahabemusquaeconfusiustra·
1186 3816 1275 3875 entes,
1299 3805 1481 3882 distinguere
1504 3805 1599 3863 solent
1624 3806 1768 3882 penitiore
1790 3803 1851 3860 doc·

461 3914 538 3971 didit
551 3911 673 3971 Pocook.
683 3911 719 3969 de
730 3910 857 3967 indicato
867 3907 944 3966 Solis
952 3907 1039 3964 cultu
1049 3907 1080 3962 in
1089 3923 1136 3963 or·
1186 3907 1265 3965 trina
1278 3906 1427 3974 instructi,
1441 3905 1611 3982 pariterque
1624 3905 1703 3964 inter
1713 3905 1819 3963 Isidem
1825 3913 1851 3960 et

462 4015 580 4072 natibus
588 4009 825 4086 hierographicis.
841 4007 937 4065 Aedes
946 4003 1134 4072 erantPanis,
1187 4007 1309 4064 Lunam.
1344 4005 1427 4064 conl.
1438 4003 1616 4062 Willrinson
1630 4003 1747 4080 AEpypt.
1762 4003 1851 4076 Antip.

463 4117 510 4173 ie.
519 4111 624 4170 Kata-
638 4119 768 4167 attamen
776 4107 972 4166 certissimum
981 4113 1026 4164 est
1036 4123 1136 4162 conso-
1186 4102 1242 4161 voh
1251 4117 1292 4158 rv.
1307 4101 1360 4158 ubi
1374 4119 1471 4178 supra

462 4214 552 4271 eiatos
561 4203 1136 4274 fuisseKbe‘metAman·Re‚Wilkinsono
1226 4210 1237 4234 ⁸
1251 4199 1389 4258 wilkins.
1404 4198 1469 4256 ibid.
1483 4217 1531 4276 pp.
1541 4199 1607 4256 210.
1618 4193 1685 4257 264.
1698 4217 1720 4254 s.

463 4314 525 4389 ipso
538 4310 649 4368 fatente
661 4307 694 4364 in
709 4305 765 4363 vol
777 4321 820 4362 1v.
840 4323 868 4380 p.
879 4306 946 4368 290.
967 4319 1057 4378 quam
1070 4300 1136 4359 doc·
