3994 5242
462 474 504 538 84
871 465 1223 536 INSGRIPTIONES
1245 466 1437 534 GRAEOAE.
1629 467 1749 557 [rusca.
1763 487 1851 534 oocv.
1970 535 1971 552 ἶ

461 662 522 736 cui
538 660 682 759 reponit
699 683 844 752 servus;
866 657 955 736 Cedo
972 657 1194 734 matronae
1211 653 1415 742 auruum,
1428 653 1510 756 quoi
1521 681 1578 756 epo
1589 679 1677 732 rano
1687 655 1850 730 aerarum

462 779 588 853 Alibi:
613 778 684 852 Na
700 789 740 852 tu
756 779 859 852 aaa
875 803 1005 852 aaran
1018 775 1233 877 graphicum,
1250 791 1282 852 et
1297 775 1477 876 quantivis
1485 775 1611 878 pretii.-
1637 803 1706 853 aaa
1721 779 1853 854 curu'st
1970 815 1971 870 5

461 927 551 976 aare
567 913 693 977 cauae.
744 901 902 992 Iterum;
933 897 1024 976 Cedo
1040 899 1121 975 maie
1137 897 1223 974 mitt
1245 898 1397 974 homiues
1419 899 1619 974 aurichalco
1634 910 1755 975 aarum
1771 925 1852 975 cum

459 1023 536 1098 aaa
552 1023 712 1100 auribus
763 1023 904 1096 Pariter
921 1021 1018 1120 apud
1034 1021 1227 1096 Horatium
1241 1018 1467 1096 medioata
1480 1019 1614 1094 dicitur
1629 1045 1748 1106 aurea,
1766 1018 1801 1092 h.
1817 1045 1849 1093 e.

461 1148 612 1246 insignis
641 1147 748 1245 pretii
776 1159 814 1221 et
842 1171 1060 1245 magnopere
1091 1147 1304 1245 expetenda
1333 1159 1376 1221 ut
1401 1146 1569 1244 χρυσοῦς
1595 1140 1749 1218 ἰδιωτῶν
1766 1139 1851 1235 βίον

460 1292 575 1368 supra
618 1269 773 1346 Juvenis
790 1270 953 1343 amabilis
970 1269 1068 1366 apud
1082 1269 1271 1344 Tibullum
1288 1281 1344 1344 est
1359 1267 1474 1344 carior
1489 1292 1587 1342 aare.

535 1397 577 1468 In
596 1421 628 1467 v.
643 1397 700 1468 tt.
717 1392 851 1494 ψῆφος
868 1408 923 1469 est
939 1394 1158 1495 suffragium,
1175 1394 1364 1471 audentea:
1388 1394 1439 1467 dii
1462 1405 1548 1467 sunt
1566 1391 1719 1488 judices.
1741 1389 1848 1467 conf.

461 1520 638 1619 Euripid'
666 1517 795 1594 Πᾶσιν
812 1510 886 1618 γὰρ
906 1511 1161 1617 ἀνθρώποισιν
1176 1505 1242 1614 ἥδε
1261 1509 1356 1615 πρὸς
1376 1517 1469 1592 θεῶν
1483 1513 1621 1616 *lidos
1641 1507 1848 1611 κέκρανται·

460 1642 655 1719 κατθανεῖν
674 1637 880 1744 ὀφείλεται.
932 1645 1059 1720 Alibi:
1081 1639 1159 1716 θεοὶ
1176 1634 1291 1740 ἕζοντ’
1305 1638 1365 1716 ἐπὶ
1379 1634 1573 1743 ψήφοισιν
1584 1633 1736 1734 αἵματος
1752 1633 1849 1736 πέρι.

460 1767 505 1838 In
515 1791 550 1838 v.
563 1765 625 1839 ult
640 1765 731 1839 med
745 1765 786 1842 C.
803 1771 1010 1853 ΙΚΛΑΒΗΕ,
1023 1765 1121 1840 unde
1135 1763 1288 1839 Akerbl.
1302 1763 1402 1841 Graf.
1414 1762 1599 1858 Welclrer.
1611 1761 1849 1860 probantibus

461 1891 670 1966 Boissonad.
687 1905 725 1966 et
743 1893 801 1965 Fr.
822 1889 853 1964 εἰ
871 1880 1008 1990 λάβῃς,
1025 1890 1123 1964 hand
1139 1889 1250 1964 dubie
1267 1889 1382 1962 invito
1398 1889 1527 1986 lapide.
1584 1889 1735 1962 Litterae
1753 1886 1850 1961 colli·

458 2015 647 2110 grabemur,
665 2011 729 2086 sed
745 2037 848 2110 pane
866 2009 1090 2102 effluxerant,
1110 2016 1141 2085 Η
1166 2021 1204 2084 et
1230 2019 1262 2084 Ν
1280 2011 1340 2084 vel
1359 2017 1395 2084 Μ
1410 2021 1447 2083 et
1461 2014 1510 2083 Ηε
1536 2007 1583 2082 ad
1599 2008 1723 2106 priora
1735 2007 1848 2104 magis

460 2131 605 2204 incline.
643 2130 836 2204 Praelatum
855 2129 984 2203 habuit
1003 2133 1074 2202 ΜΗ
1094 2127 1323 2201 doctissimus
1341 2125 1600 2200 Blomfieldius.

534 2249 609 2322 Hic
621 2271 747 2322 versus
759 2247 896 2321 claudit
914 2247 1043 2320 seriem
1057 2245 1295 2331 oraculorum,
1306 2258 1348 2319 ut
1364 2243 1479 2340 liquet
1496 2269 1545 2318 ex
1558 2244 1675 2317 vocali
1692 2245 1850 2330 ineunte,

460 2393 615 2464 quacum
642 2379 681 2442 et
702 2369 885 2466 conspirat
911 2391 1078 2441 marmor.
1139 2363 1295 2439 Miretur
1323 2365 1422 2438 haud
1446 2365 1578 2462 injuria
1606 2364 1849 2438 Boissonadus

460 2489 684 2587 Walpolium
696 2489 921 2562 adserentem
933 2512 982 2561 ex
991 2485 1064 2560 fide
1077 2484 1283 2562 Coclterelli
1299 2509 1462 2560 mancam
1473 2509 1550 2558 esse
1560 2485 1847 2582 inscriptionem:

459 2609 571 2682 miror
582 2610 659 2706 ipse
671 2608 791 2704 potius
804 2607 894 2681 adeo
905 2607 1136 2681 incuriosein
1149 2631 1191 2680 ea
1201 2607 1390 2681 tractanda
1400 2619 1575 2706 agentem,
1587 2607 1656 2681 nisi
1667 2607 1763 2682 forte
1774 2608 1849 2682 dix·

458 2731 528 2803 erit
545 2753 582 2802 se
600 2727 881 2802 excusabundus
898 2741 1045 2826 peccata
1061 2729 1243 2803 exstitisse
1260 2730 1299 2803 in
1312 2729 1454 2804 schedis
1471 2730 1570 2805 unde
1584 2755 1649 2805 sua
1662 2731 1850 2830 depromp

460 2861 556 2924 serat
572 2850 707 2924 alienis.
759 2851 867 2925 Nunc
884 2875 971 2925 vero
988 2849 1124 2925 habent
1141 2851 1295 2925 studiosi
1317 2851 1426 2949 hujus
1443 2853 1603 2926 materiae
1621 2852 1797 2926 sinceram
1815 2866 1851 2926 et

460 2995 509 3044 ex
531 2972 753 3045 monimento
779 2973 858 3068 ipso
882 2971 929 3046 ad
946 2973 1071 3046 vivum
1093 2997 1300 3072 expressam
1327 2974 1614 3073 imaginemque
1637 2974 1742 3072 potui
1764 2999 1852 3048 cura

460 3105 497 3165 et
514 3091 710 3190 diligentia.
758 3091 880 3184 Quum
903 3115 1012 3189 porro
1029 3092 1214 3166 versiones
1240 3116 1329 3188 quas
1354 3093 1392 3166 in
1418 3092 1513 3166 notis
1537 3091 1692 3178 subinde
1710 3091 1797 3166 dedi
1813 3093 1850 3164 in

460 3236 568 3286 sensu
585 3209 798 3284 extricando
815 3211 1041 3308 potissimum
1059 3224 1259 3298 versentur,
1277 3213 1453 3310 optimum
1470 3211 1568 3286 factu
1576 3212 1739 3310 judicavi
1755 3213 1851 3286 labo

460 3333 562 3407 ribus
601 3332 690 3405 meis
729 3331 938 3406 coronidem
968 3333 1153 3430 imponere
1188 3333 1350 3430 subjecta
1391 3333 1688 3431 interpretatione
1721 3334 1852 3408 Latina

460 3454 571 3528 totius
603 3451 915 3552 epiohrematismi,
933 3475 1047 3550 eaque
1075 3451 1274 3526 secundum
1292 3477 1503 3552 compagem
1525 3454 1711 3527 metricam
1738 3454 1850 3552 ipsius

503 3743 959 3824 'Videreqqindadraralffid
971 3767 1012 3824 sq.
1026 3745 1130 3806 Electr-
1180 3749 1323 3827 singulari
1335 3749 1511 3827 pertinuisse
1523 3746 1560 3807 sd
1573 3746 1648 3806 deos.
1690 3747 1773 3806 Conf.
1791 3747 1851 3805 He·

465 3843 549 3906 1256.
560 3865 601 3923 aq.
991 3867 994 3874 ·
1180 3845 1344 3904 rodotvm.
1358 3849 1423 3906 123.
1459 3845 1611 3905 Demostlr
1625 3845 1850 3903 adaMmartat

502 3945 583 4004 Huic
593 3945 663 4014 loco,
671 3955 708 4004 ut
717 3945 813 4005 obiter
825 3945 933 4016 notem,
942 3953 1132 4005 consentanea
1181 3966 1209 4024 p.
1227 3945 1312 4008 1056.
1333 3950 1360 4006 8.
1382 3965 1418 4006 sr.
1438 3955 1468 4006 et
1488 3947 1664 4006 Commentt.
1679 3945 1850 4022 wesseling.

462 4054 533 4103 stant
550 4063 615 4121 qua
636 4043 715 4120 apud
735 4047 858 4114 Grecos,
877 4045 910 4102 in
924 4043 1132 4122 primisAthe·
1182 4047 1355 4107 Valckenar.
1380 4046 1506 4106 Schl'rfer.
1529 4045 1565 4104 ed
1583 4043 1659 4105 orat
1682 4045 1717 4103 de
1732 4042 1849 4110 Corona

462 4145 584 4214 nienses,
607 4143 731 4202 tradunt
750 4146 906 4223 scriptores
927 4145 963 4204 de
985 4143 1132 4222 suffragiis
1181 4167 1209 4226 p.
1221 4147 1287 4211 271.
1302 4147 1349 4212 27.
1364 4145 1399 4206 R.

459 4245 594 4320 judicum
619 4243 784 4314 invaluisse,
805 4245 947 4303 nimirum
967 4265 1000 4304 ee
1019 4246 1131 4304 ratione
