4028 5258
158 563 262 608 mser.
277 549 393 630 ccxv]
797 543 873 610 LIB
880 545 950 611 YA.
1486 551 1549 616 349

159 761 227 833 que
247 737 347 835 quod
363 736 479 836 praeit,
504 725 636 830 μάτην,
655 749 782 824 temere,
794 737 958 836 proterite,
975 762 1106 835 nempe
1124 737 1222 833 quod
1240 764 1262 812 a
1277 739 1385 813 fatuis
1403 765 1548 838 exspec-

157 860 299 934 taveris.
339 861 384 932 In
403 861 459 932 61.
477 858 556 930 init.
567 855 619 932 H.
641 862 754 930 ΙΤΗΝ
774 909 783 929 .
806 908 815 930 .
837 862 1000 931 ereetc.
1017 854 1149 928 deinde
1163 861 1344 932 ΟΥΤΕΤ.
1368 911 1377 930 .
1398 865 1458 932 ΗΕ
1476 872 1544 932 etc.

157 987 244 1061 ΟΦ.
263 990 272 1057 Ι
290 1035 300 1056 .
318 989 367 1056 Ε.
388 1035 398 1056 .
419 1035 429 1055 .
448 989 503 1056 ΕΞ
520 994 587 1054 etc.
613 986 894 1055 ΑΥΤΗΕΔΙΚΧ.
951 981 1059 1053 Hanc
1081 977 1270 1076 periodum
1290 980 1342 1054 sic
1359 979 1546 1078 expedivit

159 1109 194 1186 C.
212 1110 663 1184 ΜΕΝΕΙΝΓΑΡΟΦΕΙΛΕ.
676 1157 706 1178 ..
721 1107 1235 1190 ΕΞΑΙωΝΟῑΑΥΤΗΙΔΙΚΑ,
1248 1101 1347 1176 unde
1361 1100 1407 1174 L.
1421 1127 1546 1196 μ.γ.ο.

157 1226 201 1307 τὰ
222 1225 267 1333 ἐξ
285 1227 416 1310 αἰῶνος
435 1226 548 1324 αὐτῆς
568 1223 699 1314 δίκαια,
726 1229 801 1304 scil.
829 1242 900 1306 tout
924 1255 959 1306 cc
983 1227 1089 1330 quta
1115 1228 1169 1302 ἑτέ
1192 1251 1340 1302 recoouu
1357 1228 1463 1328 juste,
1489 1229 1549 1303 des

155 1352 313 1452 dereptus,
330 1350 558 1426 relativcmcrtt
574 1348 598 1422 a*
616 1373 651 1423 cc
666 1345 779 1448 point,
797 1347 871 1422 doit
891 1346 1064 1422 carecto.
1114 1346 1283 1442 Denique
1301 1345 1351 1419 A.
1369 1347 1549 1444 expressit

157 1460 259 1574 αὐτῇ,
285 1498 414 1572 nempe
442 1467 488 1571 τῇ
508 1463 622 1570 χώρᾳ,
640 1472 832 1568 vertitque,
846 1497 881 1548 ce
897 1473 1063 1548 territoirc
1079 1471 1152 1548 doit
1168 1496 1349 1546 consocer
1365 1474 1424 1547 des
1440 1472 1548 1547 droits

156 1595 274 1694 acque
290 1594 333 1670 dc
349 1607 456 1692 temps
473 1589 712 1666 immemoris-l.
764 1594 875 1677 Vera,
892 1594 931 1666 ni
948 1592 1058 1667 falsus
1083 1593 1160 1679 sim,
1179 1617 1236 1664 me
1254 1591 1485 1690 descripsisse
1508 1595 1547 1667 in

155 1719 237 1792 loeo
266 1716 460 1791 admodum
489 1729 713 1790 contrectato
744 1719 922 1794 arbitror:
950 1743 1080 1817 nempe
1110 1705 1203 1809 αὐτὴ
1230 1716 1400 1814 (fortasse
1427 1709 1547 1812 αὑτηΐ,

155 1845 225 1920 izoec
241 1842 340 1944 poso)
361 1856 415 1917 est
440 1832 700 1938 ἀναμέτρησιν,
719 1854 757 1916 et
780 1838 903 1916 δικαία
927 1870 1009 1943 quae
1034 1846 1129 1921 facts
1153 1861 1208 1922 est
1232 1845 1328 1953 πρὸς
1347 1847 1390 1930 τὸ
1411 1850 1547 1952 ἀληθὲς

155 1966 221 2062 τῆς
240 1963 358 2062 οὔσης
378 1956 598 2055 ἀναβάσεως
614 1965 652 2038 in
671 1965 748 2039 57.Ιι
798 1967 844 2040 In
861 1985 956 2043 extr.
969 1968 1018 2042 H.
1036 1977 1231 2050 ΙῑΤΗΜΡ.
1251 2031 1261 2051 .
1282 2031 1291 2051 .
1311 1985 1546 2054 ΙΙΙΤωΝΤΟ.

155 2093 199 2163 In
222 2092 282 2163 62.
299 2089 376 2162 init.
399 2086 437 2164 C.
453 2091 973 2180 ωΝΠΡΟΙὶΓΕΝΗΜΑΤωΝ,
998 2091 1073 2166 sere
1092 2097 1239 2170 omnino
1257 2111 1478 2197 congruente
1495 2097 1545 2171 H.

152 2214 366 2289 Rectissime
387 2211 566 2309 expressit
590 2210 628 2283 in
655 2212 806 2286 minusc.
825 2211 870 2286 L.
897 2211 982 2311 περὶ
1003 2215 1077 2289 τῶν
1096 2221 1259 2296 τοπικῶν
1277 2213 1544 2319 προσγενημά·

155 2367 237 2426 των,
264 2352 420 2424 vertens,
445 2334 678 2412 relativorum
701 2362 775 2410 auc
800 2344 1075 2438 aucmentacione
1107 2343 1228 2422 locales
1260 2349 1428 2452 simper:
1463 2379 1546 2426 nom

154 2456 403 2562 προσγένημα
428 2474 483 2536 est
507 2461 661 2549 accessio,
679 2464 934 2558 incrementum,
961 2465 1134 2542 suadente
1152 2468 1221 2544 hoc
1240 2472 1413 2549 themate.
1467 2477 1547 2550 Dis·

154 2611 277 2682 purem
308 2609 455 2683 prorsus
486 2609 630 2658 sensum
657 2585 825 2682 quaesivit
849 2586 887 2658 in
912 2586 983 2662 hoo
1008 2589 1089 2662 loco
1107 2590 1157 2664 A.
1183 2617 1232 2665 ex
1256 2595 1412 2670 lectione
1438 2621 1549 2694 prava

154 2701 499 2808 προσγεννημάτων
515 2708 765 2806 profluentem,
784 2711 966 2808 vertitque
984 2715 1167 2790 ονὲαῐὶοην.
1220 2720 1354 2794 Vertss
1372 2720 1470 2818 quod
1497 2747 1547 2796 se·

98 2817 130 2848 ‘
156 2840 280 2936 quitur
298 2827 352 2910 ἐπ’
374 2829 503 2923 αὐτῶν,
530 2834 568 2908 in
584 2859 621 2909 rc
637 2859 702 2908 seu
719 2835 864 2912 cratein
882 2835 1053 2912 siccome.

194 3121 205 3154 ¹
221 3120 284 3178 Nili
306 3119 460 3177 adscensus
484 3117 639 3198 (irisan)
659 3127 722 3178 eret
742 3115 827 3193 μέγας
876 3120 933 3178 vol.
947 3139 987 3180 rv.
1007 3141 1054 3199 pp.
1069 3127 1207 3197 99-112,
1222 3135 1253 3184 et
1271 3128 1301 3184 in
1318 3129 1420 3204 primis
1434 3149 1498 3205 quse
1512 3131 1547 3188 de

155 3242 206 3281 seu
221 3221 321 3290 risun,
333 3221 432 3298 μιίζνι,
448 3225 582 3296 μέγιστος,
594 3221 661 3280 dein
680 3221 755 3296 μίσος
774 3241 827 3280 seu
876 3218 989 3277 ratione
1003 3219 1084 3278 illius
1098 3222 1272 3282 aestimsndae
1286 3237 1427 3285 memorat
1441 3228 1547 3288 Strabo

154 3317 264 3392 δίκης,
285 3319 407 3389 udum,
430 3320 579 3394 ἐλάχιστος.
625 3319 708 3378 Conf.
728 3320 825 3378 Streb.
875 3316 907 3372 in
921 3316 974 3374 loe.
988 3317 1043 3375 ult.
1059 3320 1195 3395 superius
1212 3321 1309 3379 citato.

154 3419 208 3476 ubi
221 3438 243 3476 s.
257 3437 306 3495 pp.
321 3416 465 3481 417.464.
506 3419 595 3476 Incor.
610 3419 707 3476 Rosdt.
728 3421 775 3476 24.
796 3427 826 3476 et
916 3414 1197 3496 ¹Scil.aeg·e·yinpar.
1219 3419 1340 3478 Chlor.
1353 3419 1417 3496 ΟΨ.
1430 3422 1487 3482 1.6.
1502 3425 1545 3487 17.

155 3527 215 3576 not.
229 3515 308 3574 Letr.
324 3535 386 3575 Μ.
402 3537 429 3592 p.
441 3519 507 3582 289.
533 3517 634 3576 Δικαία
653 3517 685 3574 in
705 3516 733 3574 h.
748 3517 766 3575 l.
781 3527 826 3576 est
877 3513 953 3574 oi'w
961 3516 1068 3593 γνίςμοι
1082 3513 1150 3577 δοκεῖ
1160 3520 1175 3582 ii
1188 3543 1214 3577 rr
1226 3522 1298 3590 ὑγίινι
1306 3525 1412 3594 pinnas
1426 3529 1546 3602 παςαμί·

154 3615 234 3692 quod
246 3615 310 3672 dixi
324 3616 354 3672 in
368 3635 491 3691 orgum,
503 3616 675 3674 Latinorum
683 3621 770 3690 justa,
791 3626 828 3674 nt
879 3635 921 3670 ννν
933 3619 980 3672 nui
992 3616 1068 3690 ἰσχὺς
1087 3619 1290 3693 vpoma'yncsaea,
1311 3619 1454 3692 secedere,
1478 3620 1507 3680 h.
1522 3643 1545 3681 e

154 3717 186 3773 in
197 3716 317 3774 Sueten.
333 3715 411 3775 Galb.
422 3731 482 3772 xxl.
496 3715 561 3772 init.
575 3715 692 3775 Statura
697 3717 759 3791 sur't
765 3717 827 3790 jus·
877 3712 1092 3773 incrementum
1107 3735 1216 3792 cepere.

153 3826 191 3884 ta,
206 3816 258 3874 ie.
272 3835 367 3891 neque
381 3816 537 3892 procerior,
553 3834 648 3891 neque
661 3816 698 3873 ob
712 3815 827 3890 exigui-
917 3821 936 3844 '³
950 3811 1062 3870 Similis
1075 3822 1120 3872 est
1134 3815 1315 3873 constructio
1336 3817 1368 3874 in
1383 3816 1546 3896 Thucydid.

154 3923 245 3972 tatem
259 3912 427 3990 spernenda.
468 3913 637 3970 Plinianum
651 3923 695 3971 est
708 3911 744 3971 de
757 3913 827 3972 Nilo
877 3911 1031 3975 1.l7.init.
1046 3911 1164 3993 Τῦμννοι
1179 3909 1203 3970 di
1217 3911 1546 3983 δ’νοιῖσανέντνιῖςἚλλη-

154 4013 186 4070 in
200 4031 229 4072 v.
243 4015 287 4070 10.
299 4015 326 4070 8.
339 4013 445 4086 jurium
459 4013 657 4079 inornandum,
673 4011 751 4088 quod
761 4013 826 4070 dcli·
877 4017 957 4077 νιιιῖς
974 4011 1065 4070 πίλων
1084 4019 1112 4071 τὶ
1133 4013 1172 4084 ἐφ’
1189 4015 1282 4073 {aurcis
1298 4016 1371 4090 μένον
1386 4017 1545 4094 προσρόμινοι

154 4113 213 4170 cias
225 4111 300 4188 (scir
321 4107 545 4188 abunduntiam)
565 4129 663 4169 secum
684 4111 826 4172 sdtulisse
874 4137 901 4170 ι.
917 4126 945 4169 λ.
980 4113 1049 4171 Huc
1060 4123 1192 4190 spectent
1205 4113 1375 4192 etAntrJqon.
1387 4116 1453 4183 789.
1476 4117 1545 4176 Pin-

154 4209 256 4270 trsdit.
875 4211 937 4272 dsr.
953 4211 1059 4290 Olymp.
1075 4229 1127 4272 vn.
1144 4217 1207 4274 133.
1266 4276 1273 4291 ,

193 4311 239 4368 De
251 4307 306 4366 hoc
319 4307 459 4368 adscensu
478 4310 553 4368 conf.
568 4309 745 4370 Willrinson.
759 4330 788 4369 u.
803 4329 825 4370 s.

218 4426 337 4472 resero.
354 4425 403 4472 111.
828 4411 846 4474 2
863 4429 884 4474 r
