4028 5258
164 507 397 592 rusumouxu]
794 507 946 573 LIBYA.
1498 510 1561 574 337

164 723 239 773 σος
257 687 418 796 χρόνος)
437 710 515 772 erat
530 699 626 773 inter
643 701 689 776 U.
704 699 744 776 C.
759 703 842 774 773.
856 725 969 798 quum
986 702 1025 775 in
1042 701 1263 800 provinciam
1282 701 1428 776 redacta
1444 702 1562 776 fuerat

166 819 423 916 Commagene,
442 831 479 892 et
498 823 580 914 790,
598 821 663 894 ubi
679 819 773 893 facta
790 832 846 893 est
862 821 1054 895 restitutio.
1099 821 1287 922 Vectiqalia
1305 834 1408 895 erant
1424 845 1505 918 quae
1522 825 1561 894 in

164 957 291 1018 nostro
309 945 480 1019 dicuntur
505 937 725 1039 καθήκοντα,
743 972 792 1020 ex
812 947 999 1036 Portoriis,
1017 949 1201 1034 Decumis,
1222 947 1431 1044 Scriptura:
1457 948 1563 1024 Redi·

164 1084 233 1159 tus,
251 1070 316 1167 qui
332 1095 381 1143 ex
398 1071 552 1144 metallis
569 1071 688 1170 regiis,
707 1071 853 1144 tributis
873 1066 1115 1172 (ἐκφορίοις),
1131 1083 1224 1148 etc.ll
1258 1073 1384 1147 Redeo
1401 1074 1448 1147 ad
1464 1075 1560 1148 lectt.

166 1195 213 1267 Iu
238 1194 298 1266 fin.
330 1219 363 1266 v.
393 1193 443 1266 H.
477 1199 703 1268 ΚΛΑΥΔΟΕ
773 1193 819 1265 In
853 1195 913 1265 27.
944 1193 1020 1267 init.
1054 1198 1559 1268 ΠΟἱΤΟΜωΝΠΟΛΥωΝ.

167 1316 309 1387 Harum
326 1315 549 1390 levationem
566 1313 735 1412 exempla
752 1314 835 1387 vide
853 1314 901 1386 sis
919 1315 1016 1411 apud
1032 1313 1247 1388 historicae.
1299 1314 1395 1387 Dein
1412 1315 1451 1386 in
1468 1315 1560 1388 med.

166 1469 200 1514 v.
217 1449 362 1518 ΥΠΟ.
414 1445 488 1516 Hic
514 1443 733 1540 interpretor
758 1431 805 1514 τὰ
823 1432 1049 1538 πραχθέντα,
1075 1467 1153 1539 quaa
1167 1455 1279 1541 porta
1301 1454 1392 1526 auat,
1411 1437 1562 1539 pecunia

165 1578 371 1642 numeraret
407 1569 556 1641 Frustra
572 1578 689 1640 tentat
702 1565 750 1640 A.
769 1557 970 1662 πραθέντα.
1015 1567 1103 1639 Post
1118 1567 1214 1640 med.
1239 1564 1287 1637 Η.
1308 1569 1561 1641 ueroeam<

167 1700 235 1760 etc.
288 1685 486 1760 Praefectus
512 1686 572 1759 hic
597 1696 816 1758 memoratus
843 1695 920 1756 erat
939 1681 1099 1758 Avillius
1115 1683 1279 1776 Flaccus,
1305 1683 1351 1756 de
1377 1709 1450 1779 quo
1467 1681 1559 1755 conf.

167 1833 264 1906 supr.
283 1834 319 1881 11.
334 1830 489 1883 ccccxv.
509 1830 644 1904 argum.
663 1817 700 1877 et
725 1815 812 1876 nott.
828 1802 863 1900 s.
888 1827 923 1901 ρ.
942 1801 972 1874 a.
1035 1803 1138 1874 Dura
1162 1803 1241 1898 ejus
1267 1801 1454 1886 sententia,
1479 1825 1560 1896 quae

167 1933 226 2007 hic
237 1933 437 2030 appellatur
455 1921 680 2027 κατάκρισις,
692 1943 769 2003 erat
785 1928 913 2028 procul
931 1927 1044 2000 dubio
1060 1927 1156 1999 inter
1169 1950 1293 1999 causas
1305 1950 1416 2020 quere
1428 1948 1561 1997 nomen

167 2053 258 2127 adeo
291 2053 555 2127 exsecrandum
589 2051 686 2148 apud
720 2051 916 2148 AEgyptios
949 2047 1107 2143 reliquit.
1177 2048 1221 2119 In
1257 2049 1317 2119 28.
1348 2071 1381 2143 p.
1408 2047 1484 2118 init.
1521 2043 1558 2120 C.

167 2185 355 2264 ΟΥΗΚΑΙ,
373 2179 471 2252 unde
489 2175 748 2251 extricavitA.
769 2164 828 2245 δύ’
851 2164 950 2272 ἑξῆς.
996 2169 1160 2246 DeinH.
1182 2177 1310 2257 ΒΛΛΒ,
1329 2184 1397 2246 etc.
1453 2171 1560 2244 intel·

167 2300 292 2398 ligitur
318 2299 377 2374 hic
406 2301 446 2376 C.
470 2300 657 2386 Balbinus,
676 2299 740 2396 qui
758 2296 956 2372 Praefectus
982 2293 1102 2367 fuerat
1128 2295 1167 2367 in
1197 2317 1236 2367 11.
1265 2295 1351 2391 imp.
1381 2294 1556 2366 Neronis:

205 2605 315 2663 “Confi
343 2615 403 2664 not.
427 2607 562 2665 Beroaldi
588 2617 618 2666 et
644 2607 774 2665 Ernestii
801 2605 837 2664 ad
888 2604 960 2680 Imp.
973 2604 1024 2664 Gr.
1038 2625 1066 2681 p.
1079 2603 1145 2668 730.
1160 2605 1326 2663 EditToll.

167 2705 286 2762 Sueten.
301 2725 391 2782 supra
404 2707 453 2764 cit.
928 2703 1002 2760 Voci
1024 2705 1054 2760 in
1078 2715 1186 2773 nostro,
1207 2701 1382 2780 κονφοτολιίᾳ,
1406 2703 1561 2778 respondet

205 2812 218 2836 ¹
232 2803 328 2861 Pauca
340 2824 513 2864 memorasse
530 2807 663 2874 sufficiat,
679 2815 709 2864 et
726 2807 757 2862 iu
778 2807 837 2882 pri·
889 2801 994 2858 Latina
1003 2801 1099 2859 boati>
1112 2799 1249 2875 υοαίραὶοζτ
1262 2819 1314 2858 seu
1326 2799 1422 2856 tributi
1428 2799 1458 2856 in
1468 2799 1558 2856 Cicer.

166 2902 222 2959 mis
242 2901 278 2960 de
292 2903 410 2960 Tiberio
426 2913 587 2974 narratum,
610 2905 736 2962 urbibus
760 2905 839 2962 Asiae
888 2901 970 2958 Bne.
982 2879 1088 2957 xirxvr.
1109 2900 1200 2957 Tacit.
1211 2901 1242 2956 in
1252 2900 1315 2957 loco
1326 2901 1376 2956 cit.
1387 2917 1467 2976 supr.
1490 2899 1559 2956 For-

166 3001 315 3078 conlapsis,
328 3003 359 3060 iu
374 3005 465 3062 Tacit.
477 3005 582 3064 Aunol.
596 3023 625 3066 u.
640 3007 686 3069 47.
728 3006 840 3064 Deinde
888 3007 967 3056 mata
990 3008 1034 3056 est
1057 3008 1093 3056 ut
1116 2999 1231 3056 notiora
1252 2997 1385 3072 ἰοοτίλαοι,
1404 2999 1560 3056 λυσιτέλεια.

166 3101 352 3160 conlationes
364 3104 496 3161 remisse·
510 3105 671 3179 aTrajano‚
686 3104 840 3180 vectigalia
890 3097 1056 3156 Inlustranl
1065 3105 1184 3154 narrata
1197 3097 1233 3155 de
1246 3097 1399 3174 Epiphane
1413 3099 1442 3154 in
1458 3099 1560 3156 Roset-

167 3211 336 3278 temperata,
362 3203 393 3259 in
417 3204 493 3261 Plin.
513 3205 653 3280 Paneqyr,
675 3221 735 3262 xm,
759 3205 836 3274 init,
888 3207 962 3254 ten!-
981 3200 1024 3254 12.
1045 3194 1111 3254 ’Arri
1131 3200 1178 3253 τὸν
1203 3201 1372 3277 brugnano&
1393 3198 1412 3255 b
1437 3200 1560 3274 Αἰγύπτῳ

164 3302 251 3376 cujus
273 3301 478 3361 liberalitatem
500 3314 599 3380 postea
621 3303 775 3361 emulatus
793 3313 838 3361 est
888 3294 1012 3375 προσίδοι
1034 3301 1081 3353 καὶ
1101 3299 1266 3375 φορολογῶν,
1281 3301 1349 3360 τινὲς
1370 3298 1414 3372 μὶν
1438 3301 1468 3361 οἷς
1490 3297 1560 3363 τίλας

165 3399 243 3457 filius
264 3399 420 3476 adoptivus
440 3401 500 3476 qui,
520 3402 662 3459 referente
683 3399 838 3478 Spartiano
888 3391 992 3464 οἱΦῖιια,
1008 3392 1095 3459 ἄλλος
1110 3390 1135 3452 δὲ
1147 3393 1298 3464 nauteam.

164 3495 275 3570 (Hodr.
288 3495 351 3572 vi),
367 3515 468 3554 aarum
481 3499 657 3555 coronarium
678 3497 771 3555 Italiae
791 3517 836 3556 re-
927 3505 938 3529 ⁰
952 3495 1134 3572 significatio
1146 3495 1265 3553 videtur
1285 3495 1378 3553 affinis
1398 3515 1459 3554 esse
1472 3497 1559 3575 Poly-

164 3593 255 3661 misit,
279 3593 312 3650 in
338 3594 501 3653 Provinciis
524 3597 641 3655 minuit
685 3597 837 3673 Sequutus
885 3593 979 3651 bianae
993 3594 1024 3650 in
1035 3609 1099 3650 x111.
1111 3595 1139 3649 4.
1148 3589 1175 3650 6.
1198 3589 1280 3656 Οὗτος
1302 3591 1409 3671 ignito
1421 3593 1502 3668 μὲνέν
1518 3601 1558 3658 ris

165 3701 209 3748 est
230 3691 270 3748 Μ.
291 3693 435 3750 Aurelius
449 3693 609 3770 (Spartian.
623 3697 654 3752 in
668 3696 721 3753 vlt.
736 3696 836 3770 xxm.)
887 3691 1010 3774 πατρίδος
1032 3694 1134 3765 ἐξίκετο,
1154 3689 1227 3764 δόξας
1246 3699 1288 3751 rb
1302 3694 1425 3772 Τάραντα
1439 3695 1560 3772 κρείττονι

164 3791 217 3864 qui
231 3789 372 3864 vediyalt'a
385 3789 426 3847 vel
437 3791 549 3861 imbuto,
561 3792 609 3849 ubi
620 3793 759 3850 mastalus
768 3803 834 3864 erat,
886 3789 1026 3867 'Pandora
1041 3794 1070 3850 οὗ
1079 3796 1211 3849 πολιτικὴ
1220 3795 1285 3868 ἔχων
1298 3789 1410 3868 δύναμιν,
1421 3820 1447 3848 τι.
1455 3809 1482 3852 λ.
1495 3815 1559 3853 nec·

163 3889 275 3946 remissa
316 3889 472 3946 Eminebat
492 3890 571 3948 inter
583 3901 705 3950 cunctos
717 3891 858 3949 munifi·.
882 3911 945 3950 vnou
962 3891 1138 3967 jamdudum
1160 3901 1236 3948 notae
1260 3892 1292 3948 in
1310 3894 1418 3950 nostris
1436 3894 1562 3967 οαίρεπθί

165 3988 260 4044 centia
289 3987 431 4056 Gratiani,
460 3987 535 4046 inito
561 3989 691 4066 imperio,
720 3991 837 4050 residua
887 3992 1016 4068 (ccxcvr.
1030 3988 1158 4065 7.)‚nam
1169 3990 1299 4065 pretium
1307 3989 1434 4065 alicujus
1447 3993 1489 4048 rei
1503 4011 1558 4048 nu-

163 4086 358 4154 tributorum‚
370 4085 473 4144 deletis
488 4087 662 4158 ratiociniis,
672 4089 835 4148 oondonan-
886 4109 996 4148 merere
1010 4097 1054 4148 est
1067 4107 1135 4146 sane
1143 4089 1261 4165 exigere
1274 4091 1480 4166 possessionem
1494 4091 1558 4165 ejus

165 4186 212 4255 tis,
233 4185 391 4261 meritique
411 4188 448 4244 ob
468 4187 674 4246 liberalitatem
695 4192 838 4266 preconia
887 4192 924 4248 ab
937 4210 971 4250 eo
984 4191 1036 4266 qui
1049 4189 1189 4248 vendidit

162 4285 402 4362 burdigalensis:
423 4287 459 4344 cs.
473 4287 638 4347 Gratiarum
652 4291 780 4350 actionem
793 4293 835 4350 od
