<?xml version="1.0" encoding="UTF-8"?>
<!DOCTYPE html PUBLIC "-//W3C//DTD XHTML 1.0 Transitional//EN"
    "http://www.w3.org/TR/xhtml1/DTD/xhtml1-transitional.dtd">
<html xmlns="http://www.w3.org/1999/xhtml" xml:lang="en" lang="en">
 <head>
  <title>
</title>
<meta http-equiv="Content-Type" content="text/html;charset=utf-8" />
  <meta name='ocr-system' content='tesseract 3.04.00' />
  <meta name='ocr-capabilities' content='ocr_page ocr_carea ocr_par ocr_line ocrx_word'/>
</head>
<body>
  <div class='ocr_page' id='page_1' title='image "./fasciculusinscr02kenngoog_0174.png"; bbox 0 0 3918 5240; ppageno 0'>
   <div class='ocr_carea' id='block_1_1' title="bbox 118 541 1494 630">
    <p class='ocr_par' dir='ltr' id='par_1_1' title="bbox 118 541 1494 630">
     <span class='ocr_line' id='line_1_1' title="bbox 118 541 1494 630; baseline 0.005 -22"><span class='ocrx_word' id='word_1_1' title='bbox 118 541 404 630; x_wconf 64' lang='lat' dir='ltr'><strong>microcosmi]</strong></span> <span class='ocrx_word' id='word_1_2' title='bbox 722 541 889 610; x_wconf 84' lang='lat' dir='ltr'><strong>PHILAE.</strong></span> <span class='ocrx_word' id='word_1_3' title='bbox 1432 550 1494 615; x_wconf 82' lang='grc'><strong>167</strong></span> 
     </span>
    </p>
   </div>
   <div class='ocr_carea' id='block_1_2' title="bbox 116 730 1495 1085">
    <p class='ocr_par' dir='ltr' id='par_1_2' title="bbox 116 730 1495 1085">
     <span class='ocr_line' id='line_1_2' title="bbox 180 730 1492 832; baseline 0.003 -22"><span class='ocrx_word' id='word_1_4' title='bbox 180 738 288 812; x_wconf 82' lang='lat' dir='ltr'>Deest</span> <span class='ocrx_word' id='word_1_5' title='bbox 313 735 402 812; x_wconf 90' lang='lat' dir='ltr'><strong>huic</strong></span> <span class='ocrx_word' id='word_1_6' title='bbox 423 735 530 810; x_wconf 84' lang='lat' dir='ltr'><strong>titulo</strong></span> <span class='ocrx_word' id='word_1_7' title='bbox 547 735 842 810; x_wconf 83' lang='lat' dir='ltr'><strong>commemoratio</strong></span> <span class='ocrx_word' id='word_1_8' title='bbox 867 735 1000 812; x_wconf 90' lang='lat' dir='ltr'><strong>usitata</strong></span> <span class='ocrx_word' id='word_1_9' title='bbox 1024 730 1270 832; x_wconf 77' lang='grc' dir='ltr'>Βασιλίσοης</span> <span class='ocrx_word' id='word_1_10' title='bbox 1292 741 1353 816; x_wconf 88' lang='lat' dir='ltr'><strong>vel</strong></span> <span class='ocrx_word' id='word_1_11' title='bbox 1376 738 1492 814; x_wconf 86' lang='grc' dir='ltr'>Βασι·</span> 
     </span>
     <span class='ocr_line' id='line_1_3' title="bbox 116 859 1495 962; baseline 0.004 -28"><span class='ocrx_word' id='word_1_12' title='bbox 116 859 261 950; x_wconf 81' lang='grc' dir='ltr'>λισσῶυ,</span> <span class='ocrx_word' id='word_1_13' title='bbox 277 862 320 937; x_wconf 88' lang='lat' dir='ltr'><strong>id</strong></span> <span class='ocrx_word' id='word_1_14' title='bbox 336 863 437 960; x_wconf 90' lang='lat' dir='ltr'><strong>quod</strong></span> <span class='ocrx_word' id='word_1_15' title='bbox 454 863 587 938; x_wconf 89' lang='lat' dir='ltr'><strong>limites</strong></span> <span class='ocrx_word' id='word_1_16' title='bbox 604 863 719 936; x_wconf 84' lang='lat' dir='ltr'><strong>aetatis</strong></span> <span class='ocrx_word' id='word_1_17' title='bbox 730 863 809 959; x_wconf 89' lang='lat' dir='ltr'><strong>ejus</strong></span> <span class='ocrx_word' id='word_1_18' title='bbox 827 862 913 937; x_wconf 87' lang='lat' dir='ltr'><strong>satis</strong></span> <span class='ocrx_word' id='word_1_19' title='bbox 925 865 1148 962; x_wconf 85' lang='lat' dir='ltr'><strong>comprobat.</strong></span> <span class='ocrx_word' id='word_1_20' title='bbox 1179 866 1361 942; x_wconf 88' lang='lat' dir='ltr'><strong>Nimirum</strong></span> <span class='ocrx_word' id='word_1_21' title='bbox 1379 880 1495 940; x_wconf 89' lang='lat' dir='ltr'><strong>mater</strong></span> 
     </span>
     <span class='ocr_line' id='line_1_4' title="bbox 117 983 1495 1085; baseline 0.002 -27"><span class='ocrx_word' id='word_1_22' title='bbox 117 983 296 1082; x_wconf 75' lang='lat' dir='ltr'><strong>Cleopatra</strong></span> <span class='ocrx_word' id='word_1_23' title='bbox 318 984 535 1081; x_wconf 90' lang='lat' dir='ltr'><strong>jamdudum</strong></span> <span class='ocrx_word' id='word_1_24' title='bbox 561 983 681 1058; x_wconf 82' lang='lat' dir='ltr'><strong>fuerat</strong></span> <span class='ocrx_word' id='word_1_25' title='bbox 698 985 888 1072; x_wconf 82' lang='lat' dir='ltr'><strong>exstincta,</strong></span> <span class='ocrx_word' id='word_1_26' title='bbox 905 1009 987 1081; x_wconf 83' lang='lat' dir='ltr'><strong>quae</strong></span> <span class='ocrx_word' id='word_1_27' title='bbox 1014 1009 1124 1082; x_wconf 90' lang='lat' dir='ltr'><strong>porro</strong></span> <span class='ocrx_word' id='word_1_28' title='bbox 1142 1011 1282 1061; x_wconf 88' lang='lat' dir='ltr'><strong>sorores</strong></span> <span class='ocrx_word' id='word_1_29' title='bbox 1300 989 1390 1085; x_wconf 88' lang='lat' dir='ltr'><strong>ejus,</strong></span> <span class='ocrx_word' id='word_1_30' title='bbox 1409 987 1495 1061; x_wconf 89' lang='lat' dir='ltr'><strong>dein</strong></span> 
     </span>
    </p>
   </div>
   <div class='ocr_carea' id='block_1_3' title="bbox 113 1101 1494 1319">
    <p class='ocr_par' dir='ltr' id='par_1_3' title="bbox 113 1101 1494 1319">
     <span class='ocr_line' id='line_1_5' title="bbox 116 1101 1494 1202; baseline 0.004 -28"><span class='ocrx_word' id='word_1_31' title='bbox 116 1126 234 1176; x_wconf 87' lang='lat' dir='ltr'><strong>uxores</strong></span> <span class='ocrx_word' id='word_1_32' title='bbox 259 1104 384 1197; x_wconf 86' lang='lat' dir='ltr'><strong>factas,</strong></span> <span class='ocrx_word' id='word_1_33' title='bbox 406 1101 501 1178; x_wconf 86' lang='lat' dir='ltr'><strong>hano</strong></span> <span class='ocrx_word' id='word_1_34' title='bbox 526 1113 570 1177; x_wconf 87' lang='lat' dir='ltr'><strong>ut</strong></span> <span class='ocrx_word' id='word_1_35' title='bbox 587 1101 781 1202; x_wconf 67' lang='lat' dir='ltr'><strong>Cyzicena</strong></span> <span class='ocrx_word' id='word_1_36' title='bbox 808 1101 908 1176; x_wconf 90' lang='lat' dir='ltr'><strong>illam</strong></span> <span class='ocrx_word' id='word_1_37' title='bbox 932 1103 1069 1202; x_wconf 72' lang='lat' dir='ltr'><strong>Grypo</strong></span> <span class='ocrx_word' id='word_1_38' title='bbox 1093 1107 1322 1180; x_wconf 89' lang='lat' dir='ltr'><strong>matrimonio</strong></span> <span class='ocrx_word' id='word_1_39' title='bbox 1342 1131 1439 1201; x_wconf 89' lang='lat' dir='ltr'><strong>novo</strong></span> <span class='ocrx_word' id='word_1_40' title='bbox 1456 1131 1494 1180; x_wconf 89' lang='lat' dir='ltr'><strong>se</strong></span> 
     </span>
     <span class='ocr_line' id='line_1_6' title="bbox 113 1219 1494 1319; baseline 0.004 -25"><span class='ocrx_word' id='word_1_41' title='bbox 113 1220 302 1318; x_wconf 85' lang='lat' dir='ltr'><strong>jungerent,</strong></span> <span class='ocrx_word' id='word_1_42' title='bbox 320 1221 517 1319; x_wconf 76' lang='lat' dir='ltr'><strong>adegerar.</strong></span> <span class='ocrx_word' id='word_1_43' title='bbox 569 1219 704 1294; x_wconf 84' lang='lat' dir='ltr'><strong>Redux</strong></span> <span class='ocrx_word' id='word_1_44' title='bbox 727 1219 811 1294; x_wconf 88' lang='lat' dir='ltr'><strong>ideo</strong></span> <span class='ocrx_word' id='word_1_45' title='bbox 833 1233 1037 1296; x_wconf 82' lang='lat' dir='ltr'><strong>consortem</strong></span> <span class='ocrx_word' id='word_1_46' title='bbox 1055 1222 1153 1298; x_wconf 88' lang='lat' dir='ltr'><strong>thori</strong></span> <span class='ocrx_word' id='word_1_47' title='bbox 1170 1226 1305 1300; x_wconf 90' lang='lat' dir='ltr'><strong>nullam</strong></span> <span class='ocrx_word' id='word_1_48' title='bbox 1324 1227 1494 1302; x_wconf 85' lang='lat' dir='ltr'><strong>habuisse</strong></span> 
     </span>
    </p>
   </div>
   <div class='ocr_carea' id='block_1_4' title="bbox 116 1340 1493 1557">
    <p class='ocr_par' dir='ltr' id='par_1_4' title="bbox 116 1340 1493 1557">
     <span class='ocr_line' id='line_1_7' title="bbox 116 1340 1493 1428; baseline 0.004 -14"><span class='ocrx_word' id='word_1_49' title='bbox 116 1341 303 1416; x_wconf 86' lang='lat' dir='ltr'><strong>censendus</strong></span> <span class='ocrx_word' id='word_1_50' title='bbox 330 1353 387 1415; x_wconf 89' lang='lat' dir='ltr'><strong>est</strong></span> <span class='ocrx_word' id='word_1_51' title='bbox 417 1341 523 1417; x_wconf 89' lang='lat' dir='ltr'><strong>Soter</strong></span> <span class='ocrx_word' id='word_1_52' title='bbox 537 1341 598 1426; x_wconf 92' lang='grc' dir='ltr'><strong>ΙΙ.,</strong></span> <span class='ocrx_word' id='word_1_53' title='bbox 615 1340 686 1414; x_wconf 95' lang='lat' dir='ltr'><strong>hoc</strong></span> <span class='ocrx_word' id='word_1_54' title='bbox 709 1353 774 1428; x_wconf 84' lang='lat' dir='ltr'><strong>est,</strong></span> <span class='ocrx_word' id='word_1_55' title='bbox 791 1341 831 1414; x_wconf 90' lang='lat' dir='ltr'><strong>in</strong></span> <span class='ocrx_word' id='word_1_56' title='bbox 859 1341 1053 1417; x_wconf 89' lang='lat' dir='ltr'><strong>intervallo</strong></span> <span class='ocrx_word' id='word_1_57' title='bbox 1084 1346 1130 1418; x_wconf 92' lang='lat' dir='ltr'><strong>ab</strong></span> <span class='ocrx_word' id='word_1_58' title='bbox 1146 1347 1218 1422; x_wconf 18' lang='lat'><strong>¹89.</strong></span> <span class='ocrx_word' id='word_1_59' title='bbox 1237 1347 1284 1422; x_wconf 88' lang='lat' dir='ltr'><strong>ad</strong></span> <span class='ocrx_word' id='word_1_60' title='bbox 1312 1350 1369 1422; x_wconf 90' lang='lat'><strong>81.</strong></span> <span class='ocrx_word' id='word_1_61' title='bbox 1387 1349 1436 1422; x_wconf 90' lang='lat' dir='ltr'><strong>A.</strong></span> <span class='ocrx_word' id='word_1_62' title='bbox 1450 1348 1493 1424; x_wconf 89' lang='lat' dir='ltr'><strong>C.</strong></span> 
     </span>
     <span class='ocr_line' id='line_1_8' title="bbox 116 1463 577 1557; baseline 0 -21"><span class='ocrx_word' id='word_1_63' title='bbox 116 1487 179 1557; x_wconf 89' lang='lat' dir='ltr'><strong>quo</strong></span> <span class='ocrx_word' id='word_1_64' title='bbox 193 1488 287 1538; x_wconf 88' lang='lat' dir='ltr'><strong>anno</strong></span> <span class='ocrx_word' id='word_1_65' title='bbox 303 1474 457 1538; x_wconf 88' lang='lat' dir='ltr'><strong>mortem</strong></span> <span class='ocrx_word' id='word_1_66' title='bbox 476 1463 577 1538; x_wconf 89' lang='lat' dir='ltr'><strong>obiit.</strong></span> 
     </span>
    </p>
   </div>
   <div class='ocr_carea' id='block_1_5' title="bbox 662 1722 933 1798">
    <p class='ocr_par' dir='ltr' id='par_1_5' title="bbox 662 1722 933 1798">
     <span class='ocr_line' id='line_1_9' title="bbox 662 1722 933 1798; baseline -0.004 0"><span class='ocrx_word' id='word_1_67' title='bbox 662 1722 869 1798; x_wconf 86' lang='lat' dir='ltr'><strong>CCCLIV.</strong></span> <span class='ocrx_word' id='word_1_68' title='bbox 897 1723 933 1797; x_wconf 90' lang='lat' dir='ltr'><strong>d.</strong></span> 
     </span>
    </p>
   </div>
   <div class='ocr_carea' id='block_1_6' title="bbox 84 1886 1498 2954">
    <p class='ocr_par' dir='ltr' id='par_1_6' title="bbox 84 1886 1498 2826">
     <span class='ocr_line' id='line_1_10' title="bbox 118 1886 1497 1996; baseline 0.017 -42"><span class='ocrx_word' id='word_1_69' title='bbox 118 1886 409 1956; x_wconf 78' lang='grc' dir='ltr'>ΚΑΛΛΙΜΑΧΟΟ</span> <span class='ocrx_word' id='word_1_70' title='bbox 582 1935 587 1948; x_wconf 89' lang='lat'><em>·</em></span> <span class='ocrx_word' id='word_1_71' title='bbox 929 1889 931 1896; x_wconf 65' lang='grc'>’</span> <span class='ocrx_word' id='word_1_72' title='bbox 983 1890 1245 1996; x_wconf 78' lang='grc' dir='ltr'>Καλλίμαχος,</span> <span class='ocrx_word' id='word_1_73' title='bbox 1268 1894 1288 1970; x_wconf 88' lang='grc' dir='ltr'>ὁ</span> <span class='ocrx_word' id='word_1_74' title='bbox 1310 1887 1497 1995; x_wconf 72' lang='grc' dir='ltr'>συγγενὴς</span> 
     </span>
     <span class='ocr_line' id='line_1_11' title="bbox 116 2008 1498 2116; baseline 0.007 -36"><span class='ocrx_word' id='word_1_75' title='bbox 116 2009 543 2080; x_wconf 66' lang='grc' dir='ltr'>ΟΟΥΓΓΕΝΗΕΚΑΙΕΓΙΙ</span> <span class='ocrx_word' id='word_1_76' title='bbox 981 2011 1042 2088; x_wconf 83' lang='grc' dir='ltr'><strong>καὶ</strong></span> <span class='ocrx_word' id='word_1_77' title='bbox 1100 2008 1376 2116; x_wconf 76' lang='grc' dir='ltr'>ἐπιστράιηγοι·</span> <span class='ocrx_word' id='word_1_78' title='bbox 1436 2013 1498 2092; x_wconf 86' lang='grc' dir='ltr'><strong>καὶ</strong></span> 
     </span>
     <span class='ocr_line' id='line_1_12' title="bbox 116 2128 1498 2234; baseline 0.009 -36"><span class='ocrx_word' id='word_1_79' title='bbox 116 2129 596 2200; x_wconf 71' lang='grc' dir='ltr'>ΘΤΡΑΤΗΓΟΕΚΑΙΟΤΡΑ</span> <span class='ocrx_word' id='word_1_80' title='bbox 981 2128 1196 2234; x_wconf 79' lang='grc' dir='ltr'>στρατηγὸς</span> <span class='ocrx_word' id='word_1_81' title='bbox 1239 2137 1304 2232; x_wconf 80' lang='grc' dir='ltr'><strong>τῆς</strong></span> <span class='ocrx_word' id='word_1_82' title='bbox 1341 2129 1498 2232; x_wconf 82' lang='grc' dir='ltr'>Ἰνδικῆς</span> 
     </span>
     <span class='ocr_line' id='line_1_13' title="bbox 116 2248 1494 2357; baseline 0.017 -39"><span class='ocrx_word' id='word_1_83' title='bbox 116 2252 567 2322; x_wconf 75' lang='grc' dir='ltr'>τιυοοτιιοιιιοικιιο</span> <span class='ocrx_word' id='word_1_84' title='bbox 981 2253 1042 2331; x_wconf 75' lang='grc' dir='ltr'><strong>καὶ</strong></span> <span class='ocrx_word' id='word_1_85' title='bbox 1061 2248 1245 2357; x_wconf 74' lang='grc' dir='ltr'>Ἐρυθρᾶς</span> <span class='ocrx_word' id='word_1_86' title='bbox 1278 2249 1494 2354; x_wconf 64' lang='grc' dir='ltr'>θαλάσσης,</span> 
     </span>
     <span class='ocr_line' id='line_1_14' title="bbox 84 2366 1498 2478; baseline 0.004 -32"><span class='ocrx_word' id='word_1_87' title='bbox 84 2379 101 2446; x_wconf 86' lang='grc'>5</span> <span class='ocrx_word' id='word_1_88' title='bbox 118 2373 655 2444; x_wconf 72' lang='grc' dir='ltr'>ΚΑΙΕΡΥΘΡΑΟΘΑΛΑΟΟΗΟ</span> <span class='ocrx_word' id='word_1_89' title='bbox 979 2367 1057 2473; x_wconf 82' lang='grc' dir='ltr'><strong>ἥκω</strong></span> <span class='ocrx_word' id='word_1_90' title='bbox 1075 2367 1171 2475; x_wconf 78' lang='grc' dir='ltr'>πρὸς</span> <span class='ocrx_word' id='word_1_91' title='bbox 1182 2369 1252 2474; x_wconf 79' lang='grc' dir='ltr'><strong>τὴν</strong></span> <span class='ocrx_word' id='word_1_92' title='bbox 1263 2366 1498 2478; x_wconf 85' lang='grc' dir='ltr'>κυρίαυἿσιυ</span> 
     </span>
     <span class='ocr_line' id='line_1_15' title="bbox 118 2490 1495 2598; baseline 0.007 -34"><span class='ocrx_word' id='word_1_93' title='bbox 118 2495 717 2565; x_wconf 78' lang='grc' dir='ltr'>ΗΚωΓΙΡΟΟΤΙ-ΙΝΚΥΡΙΑΝΙΟΙΝ</span> <span class='ocrx_word' id='word_1_94' title='bbox 982 2494 1043 2573; x_wconf 83' lang='grc' dir='ltr'><strong>καὶ</strong></span> <span class='ocrx_word' id='word_1_95' title='bbox 1075 2493 1261 2594; x_wconf 85' lang='grc' dir='ltr'>πεποίηκα</span> <span class='ocrx_word' id='word_1_96' title='bbox 1299 2490 1342 2573; x_wconf 79' lang='grc' dir='ltr'><strong>τὸ</strong></span> <span class='ocrx_word' id='word_1_97' title='bbox 1373 2527 1495 2598; x_wconf 87' lang='grc' dir='ltr'>προσ-</span> 
     </span>
     <span class='ocr_line' id='line_1_16' title="bbox 118 2605 1496 2714; baseline 0.002 -29"><span class='ocrx_word' id='word_1_98' title='bbox 118 2616 483 2687; x_wconf 82' lang='grc' dir='ltr'>ΚΑΙΠΕΙῚΟΗΚΑΤΟ</span> <span class='ocrx_word' id='word_1_99' title='bbox 578 2616 909 2686; x_wconf 78' lang='grc' dir='ltr'>ΠΡΟΟΚΥΝΗΜΑ</span> <span class='ocrx_word' id='word_1_100' title='bbox 982 2605 1127 2710; x_wconf 60' lang='lat' dir='ltr'><strong>caluppa</strong></span> <span class='ocrx_word' id='word_1_101' title='bbox 1156 2617 1223 2689; x_wconf 81' lang='grc' dir='ltr'><strong>τοῦ</strong></span> <span class='ocrx_word' id='word_1_102' title='bbox 1261 2612 1390 2714; x_wconf 86' lang='grc' dir='ltr'>κυρίου</span> <span class='ocrx_word' id='word_1_103' title='bbox 1421 2615 1496 2688; x_wconf 84' lang='grc' dir='ltr'><strong>Βα-</strong></span> 
     </span>
     <span class='ocr_line' id='line_1_17' title="bbox 116 2727 1497 2826; baseline -0.001 -16"><span class='ocrx_word' id='word_1_104' title='bbox 116 2739 512 2812; x_wconf 78' lang='grc' dir='ltr'>ΤΟΥΚΥΡΙΟΥΒΑΟΙΛ</span> <span class='ocrx_word' id='word_1_105' title='bbox 586 2738 951 2808; x_wconf 75' lang='grc' dir='ltr'>ΕωΟΘΕΟΥΝΕΟΥ</span> <span class='ocrx_word' id='word_1_106' title='bbox 982 2727 1133 2826; x_wconf 75' lang='grc' dir='ltr'>σιλέως,</span> <span class='ocrx_word' id='word_1_107' title='bbox 1160 2733 1260 2826; x_wconf 84' lang='grc' dir='ltr'>θεοῦ,</span> <span class='ocrx_word' id='word_1_108' title='bbox 1291 2729 1375 2820; x_wconf 81' lang='grc' dir='ltr'><strong>υέου</strong></span> <span class='ocrx_word' id='word_1_109' title='bbox 1405 2736 1497 2809; x_wconf 86' lang='grc' dir='ltr'>Διο-</span> 
     </span>
    </p>

    <p class='ocr_par' dir='ltr' id='par_1_7' title="bbox 253 2846 1497 2954">
     <span class='ocr_line' id='line_1_18' title="bbox 253 2846 1497 2954; baseline -0.002 -22"><span class='ocrx_word' id='word_1_110' title='bbox 253 2861 513 2933; x_wconf 79' lang='grc' dir='ltr'>ΔΙΟΝΥΟΟΥ</span> <span class='ocrx_word' id='word_1_111' title='bbox 583 2859 934 2931; x_wconf 76' lang='grc' dir='ltr'>ΦΙΛΟΠΑΤΟΡΟΟ</span> <span class='ocrx_word' id='word_1_112' title='bbox 983 2846 1115 2946; x_wconf 70' lang='grc' dir='ltr'>νόσου,</span> <span class='ocrx_word' id='word_1_113' title='bbox 1144 2846 1408 2954; x_wconf 77' lang='grc' dir='ltr'>Φιλοπάτορος</span> <span class='ocrx_word' id='word_1_114' title='bbox 1436 2853 1497 2930; x_wconf 83' lang='grc' dir='ltr'><strong>καὶ</strong></span> 
     </span>
    </p>
   </div>
   <div class='ocr_carea' id='block_1_7' title="bbox 68 2961 1496 3196">
    <p class='ocr_par' dir='ltr' id='par_1_8' title="bbox 68 2961 1496 3196">
     <span class='ocr_line' id='line_1_19' title="bbox 68 2961 1496 3076; baseline -0.007 -18"><span class='ocrx_word' id='word_1_115' title='bbox 68 2991 101 3062; x_wconf 88' lang='grc'><strong>10</strong></span> <span class='ocrx_word' id='word_1_116' title='bbox 807 2981 934 3054; x_wconf 64' lang='lat' dir='ltr'><strong>Aaou</strong></span> <span class='ocrx_word' id='word_1_117' title='bbox 982 2967 1244 3076; x_wconf 69' lang='grc' dir='ltr'>Φιλαδέλφου·</span> <span class='ocrx_word' id='word_1_118' title='bbox 1282 2961 1420 3056; x_wconf 83' lang='grc' dir='ltr'>Ἔτους</span> <span class='ocrx_word' id='word_1_119' title='bbox 1441 2973 1496 3049; x_wconf 87' lang='grc' dir='ltr'><strong>εὐ-</strong></span> 
     </span>
     <span class='ocr_line' id='line_1_20' title="bbox 689 3087 1496 3196; baseline -0.005 -24"><span class='ocrx_word' id='word_1_120' title='bbox 689 3103 951 3172; x_wconf 81' lang='grc' dir='ltr'>ιοιιΑκωΝε</span> <span class='ocrx_word' id='word_1_121' title='bbox 983 3088 1108 3188; x_wconf 64' lang='grc' dir='ltr'>νάιοι,</span> <span class='ocrx_word' id='word_1_122' title='bbox 1151 3087 1292 3196; x_wconf 75' lang='grc' dir='ltr'>Παχὼν</span> <span class='ocrx_word' id='word_1_123' title='bbox 1334 3089 1496 3196; x_wconf 70' lang='grc' dir='ltr'>πέμπτῃ.</span> 
     </span>
    </p>
   </div>
   <div class='ocr_carea' id='block_1_8' title="bbox 117 3285 1500 4106">
    <p class='ocr_par' dir='ltr' id='par_1_9' title="bbox 117 3285 1498 3744">
     <span class='ocr_line' id='line_1_21' title="bbox 182 3285 1498 3386; baseline -0.003 -26"><span class='ocrx_word' id='word_1_124' title='bbox 182 3287 372 3386; x_wconf 77' lang='lat' dir='ltr'><strong>Descripta</strong></span> <span class='ocrx_word' id='word_1_125' title='bbox 389 3287 435 3360; x_wconf 91' lang='lat' dir='ltr'><strong>de</strong></span> <span class='ocrx_word' id='word_1_126' title='bbox 451 3299 554 3385; x_wconf 87' lang='lat' dir='ltr'><strong>parte</strong></span> <span class='ocrx_word' id='word_1_127' title='bbox 572 3285 747 3386; x_wconf 86' lang='lat' dir='ltr'><strong>propylaei</strong></span> <span class='ocrx_word' id='word_1_128' title='bbox 760 3288 870 3383; x_wconf 86' lang='lat' dir='ltr'><strong>juxta</strong></span> <span class='ocrx_word' id='word_1_129' title='bbox 886 3285 1036 3360; x_wconf 86' lang='lat' dir='ltr'><strong>aditum.</strong></span> <span class='ocrx_word' id='word_1_130' title='bbox 1069 3285 1385 3360; x_wconf 88' lang='lat' dir='ltr'><strong>Commemoratur</strong></span> <span class='ocrx_word' id='word_1_131' title='bbox 1401 3308 1498 3382; x_wconf 89' lang='lat' dir='ltr'><strong>pros-</strong></span> 
     </span>
     <span class='ocr_line' id='line_1_22' title="bbox 117 3403 1498 3504; baseline 0.002 -29"><span class='ocrx_word' id='word_1_132' title='bbox 117 3428 256 3502; x_wconf 84' lang='lat' dir='ltr'><strong>cyuema</strong></span> <span class='ocrx_word' id='word_1_133' title='bbox 277 3405 467 3479; x_wconf 84' lang='lat' dir='ltr'><strong>Ptolemaei</strong></span> <span class='ocrx_word' id='word_1_134' title='bbox 493 3405 577 3499; x_wconf 81' lang='lat' dir='ltr'><strong>XL,</strong></span> <span class='ocrx_word' id='word_1_135' title='bbox 609 3405 698 3480; x_wconf 89' lang='lat' dir='ltr'><strong>dicti</strong></span> <span class='ocrx_word' id='word_1_136' title='bbox 726 3417 764 3479; x_wconf 86' lang='lat' dir='ltr'><strong>et</strong></span> <span class='ocrx_word' id='word_1_137' title='bbox 778 3405 925 3494; x_wconf 67' lang='lat' dir='ltr'><strong>Auzara,</strong></span> <span class='ocrx_word' id='word_1_138' title='bbox 948 3429 1014 3504; x_wconf 88' lang='lat' dir='ltr'><strong>per</strong></span> <span class='ocrx_word' id='word_1_139' title='bbox 1037 3403 1314 3491; x_wconf 87' lang='lat' dir='ltr'><strong>Callimachum,</strong></span> <span class='ocrx_word' id='word_1_140' title='bbox 1336 3405 1375 3478; x_wconf 92' lang='lat' dir='ltr'><strong>in</strong></span> <span class='ocrx_word' id='word_1_141' title='bbox 1403 3430 1498 3478; x_wconf 90' lang='lat' dir='ltr'><strong>anno</strong></span> 
     </span>
     <span class='ocr_line' id='line_1_23' title="bbox 117 3521 1497 3624; baseline 0.001 -29"><span class='ocrx_word' id='word_1_142' title='bbox 117 3547 203 3598; x_wconf 88' lang='lat' dir='ltr'><strong>nono</strong></span> <span class='ocrx_word' id='word_1_143' title='bbox 227 3525 331 3624; x_wconf 79' lang='lat' dir='ltr'><strong>regni</strong></span> <span class='ocrx_word' id='word_1_144' title='bbox 361 3525 440 3622; x_wconf 88' lang='lat' dir='ltr'><strong>ejus</strong></span> <span class='ocrx_word' id='word_1_145' title='bbox 469 3523 537 3624; x_wconf 82' lang='lat' dir='ltr'><strong>(A.</strong></span> <span class='ocrx_word' id='word_1_146' title='bbox 557 3523 600 3600; x_wconf 89' lang='lat' dir='ltr'><strong>C.</strong></span> <span class='ocrx_word' id='word_1_147' title='bbox 627 3523 707 3621; x_wconf 79' lang='lat'><strong>72.)</strong></span> <span class='ocrx_word' id='word_1_148' title='bbox 735 3535 773 3597; x_wconf 88' lang='lat' dir='ltr'><strong>et</strong></span> <span class='ocrx_word' id='word_1_149' title='bbox 799 3523 858 3598; x_wconf 89' lang='lat' dir='ltr'><strong>die</strong></span> <span class='ocrx_word' id='word_1_150' title='bbox 886 3523 1013 3619; x_wconf 88' lang='lat' dir='ltr'><strong>quinta</strong></span> <span class='ocrx_word' id='word_1_151' title='bbox 1042 3522 1176 3596; x_wconf 87' lang='lat' dir='ltr'><strong>mensis</strong></span> <span class='ocrx_word' id='word_1_152' title='bbox 1200 3521 1349 3598; x_wconf 82' lang='lat' dir='ltr'><strong>Poclwa</strong></span> <span class='ocrx_word' id='word_1_153' title='bbox 1377 3524 1497 3622; x_wconf 86' lang='lat' dir='ltr'><strong>(Prid.</strong></span> 
     </span>
     <span class='ocr_line' id='line_1_24' title="bbox 118 3643 359 3744; baseline 0.029 -30"><span class='ocrx_word' id='word_1_154' title='bbox 118 3643 195 3720; x_wconf 87' lang='lat' dir='ltr'><strong>ldus</strong></span> <span class='ocrx_word' id='word_1_155' title='bbox 211 3643 359 3744; x_wconf 87' lang='lat' dir='ltr'><strong>Maiae).</strong></span> 
     </span>
    </p>

    <p class='ocr_par' dir='ltr' id='par_1_10' title="bbox 117 3762 1500 4106">
     <span class='ocr_line' id='line_1_25' title="bbox 182 3762 1497 3862; baseline -0.002 -22"><span class='ocrx_word' id='word_1_156' title='bbox 182 3767 263 3840; x_wconf 85' lang='lat' dir='ltr'><strong>Rex</strong></span> <span class='ocrx_word' id='word_1_157' title='bbox 274 3766 337 3840; x_wconf 90' lang='lat' dir='ltr'><strong>hic</strong></span> <span class='ocrx_word' id='word_1_158' title='bbox 348 3778 568 3840; x_wconf 89' lang='lat' dir='ltr'><strong>memoratus</strong></span> <span class='ocrx_word' id='word_1_159' title='bbox 578 3777 665 3862; x_wconf 90' lang='lat' dir='ltr'><strong>erat,</strong></span> <span class='ocrx_word' id='word_1_160' title='bbox 678 3779 720 3840; x_wconf 93' lang='lat' dir='ltr'><strong>ut</strong></span> <span class='ocrx_word' id='word_1_161' title='bbox 735 3777 870 3840; x_wconf 87' lang='lat' dir='ltr'><strong>nonmt</strong></span> <span class='ocrx_word' id='word_1_162' title='bbox 887 3790 1021 3852; x_wconf 88' lang='lat' dir='ltr'><strong>omnes,</strong></span> <span class='ocrx_word' id='word_1_163' title='bbox 1034 3764 1132 3839; x_wconf 89' lang='lat' dir='ltr'><strong>filius</strong></span> <span class='ocrx_word' id='word_1_164' title='bbox 1148 3762 1282 3838; x_wconf 88' lang='lat' dir='ltr'><strong>nothus</strong></span> <span class='ocrx_word' id='word_1_165' title='bbox 1296 3763 1433 3839; x_wconf 87' lang='lat' dir='ltr'><strong>Soteris</strong></span> <span class='ocrx_word' id='word_1_166' title='bbox 1447 3767 1497 3839; x_wconf 91' lang='lat'><strong>11.</strong></span> 
     </span>
     <span class='ocr_line' id='line_1_26' title="bbox 118 3881 1500 3986; baseline -0.002 -26"><span class='ocrx_word' id='word_1_167' title='bbox 118 3887 157 3961; x_wconf 90' lang='lat' dir='ltr'><strong>de</strong></span> <span class='ocrx_word' id='word_1_168' title='bbox 172 3913 243 3985; x_wconf 90' lang='lat' dir='ltr'><strong>quo</strong></span> <span class='ocrx_word' id='word_1_169' title='bbox 255 3889 295 3962; x_wconf 92' lang='lat' dir='ltr'><strong>in</strong></span> <span class='ocrx_word' id='word_1_170' title='bbox 307 3887 514 3986; x_wconf 76' lang='lat' dir='ltr'><strong>praegressis</strong></span> <span class='ocrx_word' id='word_1_171' title='bbox 531 3885 695 3974; x_wconf 84' lang='lat' dir='ltr'><strong>disserui,</strong></span> <span class='ocrx_word' id='word_1_172' title='bbox 713 3910 823 3983; x_wconf 91' lang='lat' dir='ltr'><strong>quem</strong></span> <span class='ocrx_word' id='word_1_173' title='bbox 839 3885 937 3960; x_wconf 90' lang='lat' dir='ltr'><strong>cives</strong></span> <span class='ocrx_word' id='word_1_174' title='bbox 949 3881 1195 3958; x_wconf 86' lang='lat' dir='ltr'><strong>Alexandrini</strong></span> <span class='ocrx_word' id='word_1_175' title='bbox 1211 3907 1295 3956; x_wconf 88' lang='lat' dir='ltr'><strong>cum</strong></span> <span class='ocrx_word' id='word_1_176' title='bbox 1312 3881 1422 3956; x_wconf 82' lang='lat' dir='ltr'><strong>fratre</strong></span> <span class='ocrx_word' id='word_1_177' title='bbox 1440 3883 1500 3957; x_wconf 89' lang='lat' dir='ltr'><strong>ad·</strong></span> 
     </span>
     <span class='ocr_line' id='line_1_27' title="bbox 117 4001 1500 4106; baseline 0 -28"><span class='ocrx_word' id='word_1_178' title='bbox 117 4020 275 4083; x_wconf 87' lang='lat' dir='ltr'><strong>vocatum</strong></span> <span class='ocrx_word' id='word_1_179' title='bbox 292 4031 413 4106; x_wconf 84' lang='lat' dir='ltr'><strong>regem</strong></span> <span class='ocrx_word' id='word_1_180' title='bbox 432 4005 702 4081; x_wconf 84' lang='lat' dir='ltr'><strong>constituebant</strong></span> <span class='ocrx_word' id='word_1_181' title='bbox 726 4030 772 4080; x_wconf 90' lang='lat' dir='ltr'><strong>ne</strong></span> <span class='ocrx_word' id='word_1_182' title='bbox 790 4006 1035 4078; x_wconf 85' lang='lat' dir='ltr'><strong>Romanorum</strong></span> <span class='ocrx_word' id='word_1_183' title='bbox 1053 4001 1157 4076; x_wconf 90' lang='lat' dir='ltr'><strong>fieret</strong></span> <span class='ocrx_word' id='word_1_184' title='bbox 1173 4001 1358 4102; x_wconf 86' lang='lat' dir='ltr'><strong>AEgyptus</strong></span> <span class='ocrx_word' id='word_1_185' title='bbox 1376 4027 1500 4078; x_wconf 89' lang='lat' dir='ltr'><strong>secuu-</strong></span> 
     </span>
    </p>
   </div>
   <div class='ocr_carea' id='block_1_9' title="bbox 124 4238 1499 4502">
    <p class='ocr_par' dir='ltr' id='par_1_11' title="bbox 124 4238 1499 4502">
     <span class='ocr_line' id='line_1_28' title="bbox 152 4238 1499 4322; baseline -0.015 -20"><span class='ocrx_word' id='word_1_186' title='bbox 152 4243 284 4302; x_wconf 51' lang='grc' dir='ltr'>Ἵππου</span> <span class='ocrx_word' id='word_1_187' title='bbox 296 4241 368 4301; x_wconf 69' lang='lat' dir='ltr'><strong>ibic</strong></span> <span class='ocrx_word' id='word_1_188' title='bbox 382 4251 414 4300; x_wconf 80' lang='lat' dir='ltr'><strong>et</strong></span> <span class='ocrx_word' id='word_1_189' title='bbox 426 4245 455 4301; x_wconf 82' lang='lat'><strong>4.</strong></span> <span class='ocrx_word' id='word_1_190' title='bbox 468 4239 484 4322; x_wconf 68' lang='grc' dir='ltr'><strong>ξ</strong></span> <span class='ocrx_word' id='word_1_191' title='bbox 497 4243 525 4301; x_wconf 84' lang='grc'><strong>4.</strong></span> <span class='ocrx_word' id='word_1_192' title='bbox 549 4241 699 4317; x_wconf 67' lang='lat' dir='ltr'><strong>oleopaaa</strong></span> <span class='ocrx_word' id='word_1_193' title='bbox 711 4273 776 4284; x_wconf 92' lang='lat'><strong>---</strong></span> <span class='ocrx_word' id='word_1_194' title='bbox 826 4249 976 4317; x_wconf 67' lang='lat' dir='ltr'><strong>napwam</strong></span> <span class='ocrx_word' id='word_1_195' title='bbox 988 4238 1059 4298; x_wconf 70' lang='lat' dir='ltr'><strong>aas</strong></span> <span class='ocrx_word' id='word_1_196' title='bbox 1074 4239 1182 4315; x_wconf 71' lang='lat' dir='ltr'><strong>priora</strong></span> <span class='ocrx_word' id='word_1_197' title='bbox 1201 4239 1298 4299; x_wconf 61' lang='lat' dir='ltr'><strong>mama</strong></span> <span class='ocrx_word' id='word_1_198' title='bbox 1315 4238 1401 4298; x_wconf 73' lang='lat' dir='ltr'><strong>mitt.</strong></span> <span class='ocrx_word' id='word_1_199' title='bbox 1445 4239 1499 4298; x_wconf 87' lang='lat' dir='ltr'><strong>Le·</strong></span> 
     </span>
     <span class='ocr_line' id='line_1_29' title="bbox 124 4341 1087 4420; baseline -0.009 -13"><span class='ocrx_word' id='word_1_200' title='bbox 124 4341 234 4418; x_wconf 70' lang='grc' dir='ltr'><strong>ἱπυουιίυ</strong></span> <span class='ocrx_word' id='word_1_201' title='bbox 249 4343 346 4420; x_wconf 71' lang='lat' dir='ltr'><strong>Grypo</strong></span> <span class='ocrx_word' id='word_1_202' title='bbox 365 4343 480 4414; x_wconf 67' lang='lat' dir='ltr'><strong>amca,</strong></span> <span class='ocrx_word' id='word_1_203' title='bbox 495 4352 518 4402; x_wconf 83' lang='lat' dir='ltr'><strong>et</strong></span> <span class='ocrx_word' id='word_1_204' title='bbox 531 4341 645 4403; x_wconf 78' lang='lat' dir='ltr'><strong>Selenen</strong></span> <span class='ocrx_word' id='word_1_205' title='bbox 663 4359 777 4400; x_wconf 78' lang='grc' dir='ltr'>ιιυονιιιι</span> <span class='ocrx_word' id='word_1_206' title='bbox 826 4349 924 4400; x_wconf 83' lang='lat' dir='ltr'><strong>trouu.</strong></span> <span class='ocrx_word' id='word_1_207' title='bbox 939 4359 987 4418; x_wconf 91' lang='lat' dir='ltr'><strong>pp.</strong></span> <span class='ocrx_word' id='word_1_208' title='bbox 1001 4342 1049 4405; x_wconf 86' lang='grc'><strong>59.</strong></span> <span class='ocrx_word' id='word_1_209' title='bbox 1064 4359 1087 4398; x_wconf 90' lang='lat' dir='ltr'><strong>s.</strong></span> 
     </span>
     <span class='ocr_line' id='line_1_30' title="bbox 753 4439 810 4502; baseline -0.018 0"><span class='ocrx_word' id='word_1_210' title='bbox 753 4439 810 4502; x_wconf 67' lang='lat' dir='ltr'><strong>ri</strong></span> 
     </span>
    </p>
   </div>
   <div class='ocr_carea' id='block_1_10' title="bbox 0 0 1964 5240">
    <p class='ocr_par' dir='ltr' id='par_1_12' title="bbox 0 0 1964 5240">
     <span class='ocr_line' id='line_1_31' title="bbox 0 0 1964 5240; baseline 0 0"><span class='ocrx_word' id='word_1_211' title='bbox 0 0 1964 5240; x_wconf 95' lang='lat' dir='ltr'><strong> </strong></span> 
     </span>
    </p>
   </div>
  </div>
 </body>
</html>
