4028 5258
176 527 412 607 ruscacuxn]
815 523 967 589 LIBYA.
1508 528 1571 590 347

174 715 252 788 init.
270 711 320 788 H.
342 720 526 802 timeto.
579 714 676 787 Dein
700 727 798 788 recte
824 720 1040 802 annotat,
1067 715 1132 788 ubi
1160 740 1247 788 vero
1273 716 1323 790 A.
1342 708 1399 811 δή.
1451 717 1569 819 Prap-

174 834 350 910 marialis
368 835 403 908 h.
417 861 450 908 v,
471 835 600 932 saepius
618 849 865 908 memorantur
881 837 920 908 in
938 835 1044 908 titulo
1062 837 1109 908 ob
1131 836 1428 910 ministrationem
1444 863 1569 912 eorum

174 957 216 1028 in
232 957 342 1029 rebus
359 956 543 1030 fiscalibus
560 959 772 1030 Nomorum.
816 957 922 1032 Conf.
941 983 998 1029 vv.
1017 959 1075 1030 21.
1090 959 1148 1030 37.
1165 961 1224 1031 63.
1270 961 1450 1033 Nimirum
1467 960 1568 1034 suere

177 1078 395 1174 Pragmatici
412 1080 481 1176 ipsi
499 1080 626 1152 scribae
644 1105 665 1152 a
682 1080 891 1165 rationibus,
910 1091 947 1152 et
963 1077 1050 1152 huic
1067 1080 1237 1152 convenit
1259 1081 1445 1154 notissima
1465 1083 1571 1180 signi·

176 1204 297 1278 ficatio
315 1207 508 1278 verborum
526 1194 691 1300 πράττω,
712 1195 937 1300 εἷσπράττω,
955 1207 1131 1306 vactipalio
1148 1207 1267 1306 eaiposs.
1320 1208 1445 1305 Pergit
1462 1205 1511 1278 H.
1532 1207 1569 1278 in

176 1325 359 1398 menete.
388 1329 799 1418 ΠΑΡΑΓΕΕΙΑΦΟΤΕΙΞ,
825 1330 1299 1401 ΑΠΗΤΗΘΗΙΞΑΜΜΑΙΟ.
1358 1327 1502 1400 Deinde
1524 1327 1571 1400 la·

177 1471 272 1519 cuna
288 1446 335 1519 ad
353 1472 385 1518 v.
406 1471 479 1542 seq.

251 1567 323 1639 XI.
352 1567 571 1640 Exactiones
594 1589 692 1638 nunc
715 1564 862 1660 attingit
882 1566 941 1636 Pr.
960 1589 1041 1660 quae
1065 1565 1169 1639 factae
1193 1577 1279 1639 sunt
1302 1591 1368 1662 pro
1392 1567 1569 1642 adscensu

178 1689 265 1761 Nili.
286 1689 474 1785 Improbat
499 1687 608 1759 malas
634 1699 729 1758 artes
756 1685 1037 1758 Publicanorum
1056 1688 1119 1782 qui
1143 1687 1241 1760 hunc
1258 1689 1485 1761 aestimabant
1504 1714 1570 1786 pro

178 1834 222 1882 eo
245 1810 309 1906 qui
334 1807 545 1904 conspectui
571 1806 777 1903 adparebat,
805 1829 878 1877 non
904 1830 970 1903 pro
990 1807 1090 1902 justa
1113 1809 1191 1903 ejus
1218 1833 1397 1902 mensura,
1422 1811 1570 1883 summis

178 1927 248 2000 hoc
270 1939 376 2024 pacto
393 1926 643 2000 fraudulenter
660 1927 876 1999 constitutis.
929 1927 1018 1999 ldeo
1032 1929 1140 2024 jubet
1163 1953 1239 2000 rem
1265 1931 1414 2026 transigi
1431 1955 1571 2003 mensu·

178 2049 316 2122 ratione
330 2059 498 2120 accurata
510 2045 703 2119 adscensus
717 2070 820 2139 aquae
830 2045 980 2142 agrique
993 2047 1170 2118 submersi
1184 2046 1289 2118 facta.
1317 2049 1431 2120 Porro
1446 2051 1569 2138 multa,

179 2168 286 2266 tripla
302 2167 551 2265 pensitationis
568 2165 682 2249 facta,
701 2179 828 2238 contra
846 2167 1079 2262 publicanum
1098 2167 1161 2262 qui
1179 2169 1350 2262 nequitiae
1368 2169 1471 2242 istius
1489 2195 1570 2242 con-

178 2292 343 2364 vincatur
355 2289 538 2362 indicitur.
571 2287 715 2360 Deinde
728 2311 790 2360 eos
804 2287 867 2382 qui
878 2288 1096 2360 verebantur
1107 2313 1151 2360 ne
1166 2289 1203 2360 in
1217 2313 1303 2384 agro
1316 2289 1570 2362 Alexandrino

178 2411 281 2484 fieret
298 2409 485 2483 aestimatio
503 2433 570 2505 pro
587 2407 736 2502 antiqua
754 2405 908 2502 quadam
927 2407 1035 2480 Nomi
1061 2409 1268 2480 Menelaitae
1286 2410 1383 2482 bono
1400 2435 1477 2482 esse
1499 2413 1571 2484 ani·

217 2663 229 2696 ⁵
244 2651 326 2710 Coos.
339 2651 442 2728 Polyb.
453 2667 496 2707 111.
510 2650 536 2712 7.
546 2655 573 2712 5.
584 2651 617 2707 Ti
629 2645 652 2706 δ’
663 2644 747 2729 dilgia
759 2667 848 2728 ψη-
900 2650 986 2706 Eadr.
998 2650 1126 2727 (canon.)
1138 2667 1188 2706 vn.
1201 2654 1247 2708 24.
1262 2661 1292 2708 et
1310 2652 1342 2708 in
1363 2653 1382 2708 J
1384 2652 1481 2729 oseph.
1493 2655 1570 2712 Ante.

176 2759 290 2828 ματιιιοῦ
305 2749 422 2829 (iothor)
441 2753 476 2825 pair
499 2746 632 2823 lavapivav
647 2751 848 2826 συλλογίζεσθαι
898 2749 968 2806 Jttd.
984 2752 1103 2809 x1.5.l.
1119 2753 1291 2827 γςαμμοιτιῖς,
1311 2752 1414 2828 procul
1428 2752 1519 2811 dubio
1533 2775 1570 2812 ex

178 2879 202 2910 a.
217 2869 243 2912 λ.
274 2869 323 2908 vn.
342 2855 384 2908 12.
395 2856 421 2908 2.
438 2855 515 2906 Δοκεῖ
526 2850 578 2929 mig
591 2875 644 2924 psat,
658 2855 709 2912 τοῖς
720 2856 765 2907 nai
777 2853 848 2906 aava
898 2867 989 2923 prava
1003 2848 1070 2906 lect·
1088 2868 1168 2925 supr.
1184 2856 1387 2928 ygnpapaaeraxais.

177 2955 268 3032 βςιχὺ
290 2953 450 3022 βουλιμίνοις
476 2951 522 3004 aa·
547 2949 737 3027 πμγμιτιιόι
758 2943 848 3026 &algais
938 2947 973 3003 In
987 2957 1087 3005 nostro
1101 2947 1136 3006 de
1145 2967 1177 3005 re
1182 2947 1278 3022 fiscali
1290 2950 1443 3006 manifesto
1457 2953 1567 3026 agitur.

178 3055 357 3128 vagrxutt'rtat
369 3051 410 3108 ria
425 3047 451 3103 ia
467 3052 506 3110 τῆς
518 3048 627 3122 ἱστορίας
643 3043 773 3122 ito'plnro,
794 3059 848 3104 etc.
900 3045 958 3114 Qui
971 3047 1002 3102 in
1016 3047 1108 3104 officio
1118 3048 1255 3124 vectigali
1264 3049 1460 3128 (ἁμγματιίᾳ,
1469 3070 1495 3106 v.
1511 3051 1569 3126 12.)

178 3149 238 3206 scil.
259 3149 381 3205 viromm
396 3149 425 3204 in
439 3147 517 3204 rebus
536 3148 661 3221 parandis
674 3156 848 3204 omanorum.
898 3147 1098 3214 versabantur,
1121 3145 1307 3223 adpellantur
1331 3149 1362 3204 in
1383 3168 1430 3206 vv.
1451 3151 1498 3206 21.
1520 3153 1567 3212 37.

179 3249 294 3306 Harum
308 3267 377 3306 vero
401 3246 500 3322 plures
519 3255 608 3302 sunt:
629 3244 782 3308 Formam
804 3243 848 3300 id·
897 3247 945 3304 54.
959 3243 1007 3304 63.
1032 3248 1223 3324 ampsani,
1248 3256 1278 3304 et
1296 3248 1327 3304 in
1347 3248 1442 3322 primo
1462 3248 1568 3306 horum

178 3351 254 3405 circo
268 3345 402 3404 adsciscit
415 3363 514 3400 vocem
525 3344 651 3401 Juvenal
663 3342 847 3402 inSatir.V11.
899 3345 1102 3402 consociantur
1112 3348 1248 3423 strategis
1262 3348 1340 3424 ipsis,
1351 3357 1456 3424 utpote
1469 3374 1568 3427 agara-

181 3449 243 3506 123.
276 3446 367 3504 Cicer.
391 3444 436 3500 De
453 3443 575 3508 Oratore,
598 3459 616 3499 1.
640 3445 686 3501 45.
711 3442 776 3499 init
800 3445 848 3506 59.
899 3442 1041 3512 φιιληιιέτις
1056 3451 1091 3522 τῇ
1104 3442 1212 3522 δημοσίᾳ
1231 3445 1311 3523 λέγῃ,
1330 3449 1361 3504 in
1379 3447 1433 3506 hoc
1451 3469 1521 3506 vero
1539 3463 1568 3508 et

177 3558 254 3605 extr.
286 3543 460 3614 Quintilian.
475 3543 544 3599 Iast.
558 3559 601 3598 111.
616 3539 643 3600 6.
659 3544 706 3600 34.
719 3545 767 3606 59.
795 3559 848 3598 xn.
899 3547 945 3607 37.
967 3545 1131 3620 Eclogistis.
1161 3546 1277 3604 Pariter
1297 3548 1327 3603 in
1348 3547 1474 3606 Philemo.
1498 3549 1566 3618 (Le-

178 3654 204 3709 3.
219 3652 247 3706 4.
288 3649 430 3704 Tractant
448 3645 483 3703 de
502 3645 549 3702 his
565 3645 700 3712 Budaeua
716 3645 753 3702 Ia
767 3643 847 3702 Pan·
899 3652 995 3700 tronn.
1019 3661 1107 3701 xxvt.
1135 3643 1177 3719 7.)
1205 3656 1394 3704 recensentur
1427 3647 1566 3726 Strategi,

177 3750 241 3806 dact.
264 3765 294 3804 11.
319 3767 347 3823 p.
367 3749 430 3806 132.
453 3755 483 3803 et
510 3746 625 3804 Jacobs.
649 3745 680 3802 iu
703 3745 847 3820 Aatloloq.
899 3743 1048 3818 Epistola,
1072 3741 1259 3813 Thebarrhae,
1280 3753 1336 3802 eto.
1359 3749 1412 3802 Kal
1436 3747 1459 3802 οἱ
1488 3747 1567 3806 liano·

181 3847 268 3906 Graec.
283 3846 316 3903 P.
326 3863 356 3902 11.
368 3864 416 3921 pp.
429 3848 496 3903 503.
512 3864 533 3900 s.
549 3853 617 3900 tom.
630 3844 747 3901 secund.
772 3845 849 3902 Dein
899 3843 1079 3917 πμγμιτικοὶ
1100 3837 1201 3903 πίνης.
1252 3841 1380 3900 Proinde
1393 3846 1484 3903 vertit
1498 3866 1525 3903 v.
1539 3848 1568 3905 d.

177 3947 291 4006 Sacro:
312 3945 387 4002 conf.
409 3943 572 4001 Alexandr.
591 3944 622 3999 in
636 3945 745 4019 Apocr.
760 3945 846 4002 Eadr.
898 3933 1049 4012 Employt‘t
1062 3937 1101 3994 du
1122 3942 1478 4012 recommandatam
1497 3947 1567 4002 mili-

170 4063 195 4104 .1.
220 4047 247 4101 8.
262 4045 320 4112 22„
343 4043 396 4100 ubl
417 4042 496 4098 inter
510 4041 625 4116 Templi
638 4041 788 4098 ministros
801 4060 847 4098 re·
897 4037 987 4104 litim,
1003 4035 1026 4090 ai
1044 4034 1085 4092 ixl
1102 4038 1334 4116 τὶἱιπμγμιίτω,
1356 4049 1392 4096 ut
1414 4039 1463 4098 hie
1486 4043 1508 4099 ai
1527 4043 1567 4102 im*

176 4149 334 4198 censentur
348 4139 371 4194 oi
384 4134 577 4217 πςαγματιιιοί,
592 4155 664 4210 quos
684 4137 772 4194 fuisse
786 4138 846 4216 iuga·
898 4139 939 4198 ‘cir
951 4137 1144 4209 πςηγμιπίας,
1156 4133 1567 4214 Employdadanalarfinancaa.

176 4237 281 4302 δούλους
296 4236 417 4311 conjicit
431 4235 615 4293 Schleusner.
630 4235 661 4290 in
675 4235 710 4291 L.
727 4235 758 4293 V.
771 4237 802 4294 T.
816 4253 847 4294 11.
899 4235 981 4292 Cous.
1004 4234 1174 4303 Becherchea,
1200 4246 1245 4294 etc.
1257 4256 1317 4313 ,pp
1339 4241 1385 4299 85.
1411 4241 1477 4305 307.
1499 4245 1565 4307 309.

175 4362 204 4419 p.
219 4339 286 4403 847.
308 4337 334 4397 la.
358 4337 455 4412 Glasg.
498 4335 539 4392 Hi
561 4342 633 4391 sunt
656 4333 796 4414 artaaagyol
817 4336 848 4392 in
898 4319 1402 4410 Inscr.del'lt‘931pte‚1.p.3ll.not.
