3918 5240
134 521 234 566 macr.
250 504 391 590 cccxvi]
718 509 954 578 XANTHUS.

692 816 906 894 CCCXVI.
934 843 965 893 e.

180 1001 716 1072 ΓΑΙΟΝΙΟΥΛΙΟΝΣΑΤΟΥΡ
906 1002 1020 1085 Γάϊον
1038 1002 1200 1085 Ἰούλιον
1219 1011 1382 1112 Σατουρ-

179 1124 777 1194 ΝειΝοΝγηΑτικοΝΗΓεΜο
905 1127 1019 1219 μενον,
1041 1117 1232 1219 ὑπατικόν,
1257 1119 1415 1225 ἡγεμόν-

178 1243 676 1311 ΝΑκΑιτΗῑΗΜετεΡΗῑ
905 1241 1291 1346 ακαὶτῆςήμετέρης

178 1362 723 1432 ΕΓΙΑΡΧΕΙΑΣΓΕΝΟΜΕΝΟΝ
905 1355 1100 1462 ἐπαρχείας
1118 1354 1320 1460 γενόμενον

126 1479 147 1547 5
174 1480 758 1556 ΑΡΙΠΟΝΚΑΤΑΠΑΣΑΝΑΡΕ
904 1473 1062 1576 ἄριστον
1081 1471 1175 1554 κατὰ
1193 1480 1323 1554 πᾶσαν
1341 1477 1424 1579 ἁρε-

173 1601 604 1669 ΤΗΝΞΑΝΘΙΝΝΤΗΣ
904 1593 985 1695 τήν,
1004 1591 1178 1678 Ξανθίων
1196 1599 1262 1694 τῆς

175 1716 710 1786 ΜΗΤΡΟΠΟΛΕΝΠΟΥΛΥ
901 1721 1169 1814 μητροπολεως
1188 1713 1255 1791 τοῦ
1275 1714 1349 1790 Λυ-

174 1837 763 1912 ΚΙΝΝΕΘΝΟΥΣΗΒΟΥΛΗΚΑΙ
904 1826 992 1905 κίων
1011 1823 1139 1910 ἔθνους
1157 1826 1180 1925 ἡ
1201 1823 1328 1927 Βουλὴ
1348 1829 1408 1906 καὶ

172 1956 390 2026 ΟΔΗΜΟΣ
904 1943 924 2020 ὁ
945 1945 1086 2041 Δῆμος.

196 2131 388 2228 Descripta
414 2131 460 2204 de
488 2156 674 2218 marmore,
693 2129 877 2228 quondam
903 2131 990 2218 basi,
1013 2130 1053 2202 in
1077 2130 1251 2227 parietem
1277 2130 1376 2228 apud
1393 2133 1514 2206 vicum

122 2247 260 2326 Konat
277 2249 357 2349 (vel
374 2247 525 2347 canok)
544 2250 714 2324 immisso.
770 2248 896 2322 Statua
911 2249 1028 2347 posita
1044 2247 1162 2322 fuerat
1186 2249 1225 2322 in
1250 2249 1426 2324 honorem
1443 2251 1514 2323 viri

122 2374 320 2448 consularis
340 2375 534 2460 Saturnini,
552 2376 616 2470 qui
638 2387 676 2449 et
698 2373 876 2472 eparchiae
893 2375 1016 2476 Lyciae
1038 2397 1171 2472 praeses
1192 2373 1358 2463 saerata
1377 2375 1514 2452 Senatu

122 2506 158 2568 et
174 2494 317 2592 Populo
334 2496 372 2568 X
376 2495 591 2570 anthiorum.

195 2615 425 2714 Conjecerim
455 2643 503 2692 ex
521 2644 556 2692 v.
577 2622 608 2692 l.
627 2617 726 2692 huno
755 2617 902 2691 titulum
932 2642 1005 2690 non
1032 2643 1110 2691 ease
1140 2617 1378 2692 recentiorem
1406 2629 1512 2691 aetete

123 2735 309 2835 Caligula,
327 2749 363 2810 et
383 2737 618 2814 Saturninum
640 2735 700 2809 hic
725 2747 962 2810 memoratum
985 2734 1155 2809 affinitate
1173 2734 1328 2831 quadam
1343 2737 1511 2832 junctum

120 2855 229 2932 fiisse
247 2881 332 2930 cum
349 2859 436 2930 viris
453 2855 703 2931 consularibus
726 2879 883 2951 quorum
908 2855 1056 2928 nomina
1071 2855 1110 2928 in
1126 2853 1227 2929 fastis
1244 2869 1455 2954 comparent
1472 2857 1511 2928 in

121 2977 221 3050 annis
246 2977 296 3050 U.
322 2975 366 3051 C.
399 2979 483 3050 735.
514 2979 595 3048 757.
625 2976 709 3047 794.
770 2972 881 3048 Certe
908 2997 1042 3046 nomen
1070 2985 1173 3047 aetate
1200 2973 1415 3072 grandioris¹¹
1441 2976 1511 3068 cui,

120 3109 289 3171 revocato
316 3096 363 3170 ad
389 3097 540 3170 Romam
569 3095 744 3194 Agrippa,
774 3095 961 3192 provincia
992 3093 1106 3192 Syriae
1133 3105 1171 3167 et
1200 3093 1390 3169 Phoenices
1417 3119 1512 3168 com·

120 3229 228 3302 missa
262 3241 327 3316 est,
361 3229 526 3326 proxime
562 3225 703 3300 accedit
735 3225 782 3298 ad
815 3237 989 3300 nostrum.
1056 3227 1101 3300 In
1129 3253 1160 3300 v.
1188 3230 1220 3300 2.
1254 3217 1440 3321 Ἡγεμών,
1470 3242 1511 3302 ut

121 3353 313 3450 aliquando
339 3346 511 3451 ἔπαρχος,
538 3363 733 3449 usurpatur
761 3350 799 3422 in
834 3375 941 3424 sensu
976 3351 1113 3438 latiore,
1140 3351 1328 3449 designato
1360 3351 1510 3426 fortasse

120 3471 248 3572 Leqato
265 3487 486 3574 propraetore,
510 3499 640 3570 nempe
663 3471 876 3570 magistratu
894 3473 1060 3548 Caesareo
1086 3474 1149 3570 qui
1169 3471 1385 3570 Synedrium
1412 3496 1510 3570 rege-

157 3703 266 3761 ”vide
282 3703 322 3762 eie
335 3703 443 3780 eaepinn
463 3711 656 3762 memoratum
675 3702 787 3760 aJose-
837 3711 938 3761 nostro
951 3703 1100 3772 nimirum,
1115 3702 1200 3779 lapsu
1216 3701 1310 3758 aviro
1323 3701 1430 3760 celebri
1444 3703 1508 3760 An·

119 3797 181 3874 pho,
196 3799 273 3860 A.J.
294 3818 357 3860 xvi.
374 3804 418 3861 10.
433 3805 461 3861 8.
474 3811 505 3860 et
518 3803 562 3859 ll.
578 3804 604 3861 3.
626 3817 701 3858 xvm
719 3803 744 3856 l.
762 3801 787 3857 1.
837 3819 917 3880 cyrae
930 3801 1086 3860 attributo.
1126 3800 1228 3858 Restat
1241 3807 1272 3857 et
1284 3798 1369 3872 alius,
1387 3819 1508 3878 procon-

120 3905 169 3954 etc
213 3897 351 3956 Meminit
372 3898 492 3958 Sueton.
515 3899 548 3955 in
566 3897 654 3973 calip.
678 3913 787 3954 xxm.
837 3900 950 3970 aularia,
964 3900 1061 3960 Julius
1073 3899 1115 3968 S„
1130 3900 1182 3974 qni
1202 3900 1234 3956 in
1253 3899 1344 3957 titulo
1358 3899 1509 3960 Phaeuesio

118 3995 171 4053 viri
183 3997 327 4073 prretorioe
340 3996 494 4074 dignitatis
504 3997 667 4056 Saturnini.
694 3995 788 4054 Video
839 3995 1245 4072 Franaii(exBu1-ckhardt)
1266 4016 1293 4054 n.
1308 4000 1396 4058 4551.
1417 4000 1508 4077 insig-

119 4111 231 4172 quoqne
253 4098 286 4155 in
306 4097 427 4156 Eckhel.
450 4113 489 4155 iv.
510 4117 538 4174 p.
554 4097 619 4156 243.
633 4117 657 4154 a
678 4095 787 4155 Juliam
836 4097 928 4168 nitur,
942 4115 1053 4156 necnon
1066 4097 1098 4154 in
1111 4095 1242 4172 ejusdem
1255 4097 1389 4168 24617„
1403 4100 1507 4176 magie-

119 4191 298 4254 Sctnmiaam
324 4205 518 4255 memoratum
544 4197 576 4254 in
606 4195 786 4255 monimento
835 4203 919 4254 trata
931 4196 1051 4254 functus
1064 4195 1096 4253 in
1109 4195 1295 4255 an.XI¹²²M„
1308 4195 1430 4268 Aurelii,
1446 4199 1508 4258 scil.

120 4293 240 4366 quodam
261 4295 415 4374 Ancyreno
434 4315 471 4353 ex
497 4294 555 4354 fide
575 4291 783 4364 Toumesortii,
835 4295 912 4354 Rc.
930 4297 993 4358 171.

181 4422 299 4468 nacte.
314 4423 365 4468 111.
802 4423 822 4467 0
