3918 5240
479 511 539 574 186
891 508 1245 577 INSCRIPTIONES
1268 511 1459 578 GRAECAE.
1567 513 1683 602 [lusca.
1699 535 1809 580 cornu.
1824 517 1848 580 b.

478 715 545 773 ete.
573 713 609 773 et
634 701 907 774 centurionibus
924 700 1030 787 Rufo,
1057 713 1126 776 etc.
1155 700 1446 796 adorationisque
1473 725 1540 796 pro
1570 701 1766 798 semetipsa,
1791 726 1846 798 pro

480 821 626 906 Cedens,
644 820 794 892 minimo
812 833 899 893 natu
913 819 998 908 filio,
1016 821 1218 917 ceterisque
1236 821 1416 918 parvulis:
1437 819 1507 893 hoc
1520 821 1558 894 in
1572 847 1667 894 anno
1684 823 1847 894 vicesima·

478 943 649 1038 Augusti,
671 941 881 1016 Plrammotlt
908 965 1000 1014 xxx.
1024 939 1063 1014 id
1086 955 1150 1028 est,
1176 942 1215 1014 in
1241 941 1445 1015 calendario
1463 944 1637 1032 Romano,
1658 944 1757 1021 ΠΟ.
1779 949 1844 1017 729.

479 1059 548 1157 (Α.
566 1059 608 1134 C.
628 1060 718 1153 25.),
737 1082 798 1133 v11.
819 1059 900 1132 Kal.
911 1057 1070 1156 Apriles.

553 1181 678 1255 Edidit
704 1181 802 1254 hunc
831 1181 976 1254 titulum
1006 1179 1170 1252 bifariam
1205 1190 1354 1273 sectum,
1385 1180 1460 1252 scil.
1490 1206 1547 1254 vv.
1578 1185 1661 1255 1-7.
1692 1195 1727 1255 et
1752 1187 1844 1257 8-13.

478 1303 819 1388 Herniltonus²,cum
834 1325 930 1374 nom.
942 1300 1166 1374 nanetcin
1181 1303 1211 1372 1.
1243 1301 1339 1372 Dein
1351 1302 1389 1373 in
1401 1300 1500 1374 6.fin.
1513 1303 1634 1376 omisit
1647 1311 1845 1379 ΕΥΜΕΝΕΙ.

478 1427 520 1496 In
539 1425 602 1496 uit.
623 1424 696 1496 levi
720 1448 841 1496 errore
863 1429 913 1496 ΙΚ.

550 1545 692 1616 Nomen
710 1543 854 1643 Papius
872 1544 964 1616 bene
983 1555 1108 1616 natum
1126 1553 1203 1614 erat
1219 1543 1314 1615 inter
1332 1545 1513 1618 Romanos
1531 1545 1591 1618 vel
1609 1570 1658 1618 ex
1680 1545 1755 1644 lege
1771 1546 1846 1618 cele-

478 1671 533 1741 bri
552 1671 597 1743 de
616 1694 688 1765 qua
706 1671 837 1746 Cicero
855 1669 892 1742 in
911 1669 1099 1766 pluribus.
1119 1655 1316 1766 Ἐπαρχος
1333 1669 1370 1740 in
1384 1669 1443 1742 fin.
1459 1695 1492 1742 v.
1506 1669 1659 1768 gradum
1676 1671 1845 1744 militarem

477 1791 674 1863 certissime
695 1801 805 1876 notat,
823 1803 865 1862 ut
881 1789 919 1862 in
938 1790 1036 1862 Fase.
1056 1811 1091 1862 11.
1111 1791 1327 1863 n.coxx1.4.
1348 1811 1485 1864 ccxxx.
1502 1792 1535 1863 6.
1563 1805 1602 1864 et
1618 1791 1802 1892 Profectus
1816 1791 1845 1862 in

477 1934 652 1984 ccxxxrx.
670 1913 726 1984 10.
756 1911 881 1984 Latius
892 1909 1061 2006 equidem
1073 1911 1190 2006 patuit
1201 1909 1414 2007 significatio
1429 1911 1527 1984 vocis
1543 1911 1647 2009 (ibid.
1662 1936 1779 1988 ocxrx.
1793 1915 1843 2006 6.),

478 2029 540 2102 sed
562 2031 789 2103 manifestum
807 2045 927 2104 estex
946 2030 1148 2104 Strabonisv
1165 2029 1372 2103 testimonio
1390 2029 1604 2126 Eparchiam
1623 2034 1770 2130 AEgypti
1785 2058 1845 2104 non

477 2151 633 2222 tenuisse
652 2163 824 2222 nostrum.
876 2151 911 2222 N
913 2164 990 2222 otes
1009 2156 1127 2224 ΗΚωΙ
1148 2149 1185 2222 in
1203 2174 1237 2222 v.
1253 2151 1287 2220 2.
1306 2149 1393 2236 init,
1408 2151 1641 2248 scriptionem
1658 2153 1844 2226 mendosam

477 2299 557 2369 quse
586 2273 673 2346 alibi
701 2273 808 2346 obvia
838 2283 901 2356 est,
930 2271 1110 2368 praecipue
1137 2271 1176 2342 in
1203 2271 1366 2346 Oasenis.
1419 2272 1464 2344 In
1480 2275 1513 2344 4.
1531 2272 1610 2346 init.
1629 2298 1757 2347 nomen
1782 2285 1844 2346 erat

476 2396 603 2490 procul
633 2393 745 2466 dubio
776 2400 935 2478 ΓΑΙωΝ,
963 2417 984 2466 a
1010 2405 1161 2489 paterno
1193 2396 1347 2477 ΓΑΙΟΟ,
1378 2390 1454 2464 sere
1484 2403 1527 2464 ut
1558 2397 1844 2468 KAUCAPitha

478 2519 652 2601 ΚΑΙΕΑΡ,
671 2513 900 2608 effictumque
926 2511 973 2584 ad
996 2509 1182 2605 exemplar
1200 2507 1410 2584 Graecorum
1429 2509 1493 2602 qui
1510 2533 1531 2580 a
1549 2514 1737 2586 ΚΡΟΝΟΣ
1752 2509 1845 2582 habu·

477 2651 582 2706 erunt
596 2649 667 2706 tarn
683 2638 893 2707 ΚΡΟΝΙΩΝ
914 2655 1021 2728 quarn
1037 2633 1288 2704 ΚΡΟΝΙΔΗΣ.
1318 2627 1430 2701 sicin
1447 2653 1481 2700 ν.
1498 2629 1530 2701 8.
1549 2631 1628 2702 obv.
1644 2636 1793 2704 ΑΠΙωΝ
1806 2655 1846 2702 ex

476 2764 603 2832 ΑΠΙΟ.
643 2759 681 2832 Α
699 2783 731 2829 v.
751 2760 785 2830 4.
805 2754 1068 2853 transgreditur
1085 2754 1307 2826 constructio
1324 2753 1371 2826 ad
1391 2757 1445 2826 ll.
1460 2764 1502 2827 ut
1519 2755 1565 2828 sit
1579 2745 1671 2852 ὑπὲρ
1691 2747 1845 2840 Peiores,

476 2884 536 2960 καὶ
561 2887 634 2960 τῶν
657 2876 869 2982 παιδαρίων,
895 2899 964 2958 etc.
1019 2883 1108 2976 Quae
1125 2881 1390 2954 interseruntur
1407 2881 1575 2977 excipere
1593 2881 1769 2956 debebant
1792 2870 1846 2974 υἱῲ

475 3010 513 3078 in
532 3032 563 3076 v.
583 3009 617 3078 3.
636 3005 705 3090 fin..
722 3003 895 3076 festinans
914 3001 1054 3074 veroin
1070 3001 1171 3095 juste
1188 2999 1269 3071 loco
1286 2999 1456 3072 omiserat
1472 3000 1674 3097 praeseetur.
1725 3003 1765 3074 In
1777 3024 1804 3070 v.
1817 2999 1844 3066 7.

475 3129 535 3200 fin.
555 3139 633 3200 erat
648 3125 792 3224 Apellae
812 3121 923 3220 (conf.
942 3147 975 3193 n.
1003 3143 1128 3193 nxxrv.
1150 3121 1182 3189 1.
1202 3120 1257 3213 5.)
1277 3115 1373 3190 filius
1391 3117 1589 3214 Apollonii.
1641 3121 1686 3192 In
1705 3121 1736 3191 8.
1753 3115 1846 3210 conji-

475 3279 557 3326 cere
576 3254 690 3350 possis
708 3239 849 3321 Ἀπίων
866 3247 932 3319 τοῦ
943 3232 1089 3322 'Aaron
1108 3257 1145 3316 et
1157 3243 1251 3342 Apis·
1268 3245 1465 3340 proprium,
1483 3257 1526 3317 ut
1537 3229 1634 3318 Ἶσις
1651 3244 1688 3316 in
1708 3264 1801 3319 ecca.
1818 3243 1845 3310 5.

477 3403 572 3475 supr.
626 3378 670 3450 In
698 3401 730 3446 v.
752 3376 782 3446 9.
804 3373 880 3446 init.
898 3369 1062 3443 latinizat
1080 3369 1223 3464 Papius
1248 3365 1347 3440 dicto
1373 3361 1592 3463 κεντορίωσι
1609 3389 1675 3462 pro
1694 3361 1844 3438 ἑκατοντ-

513 3611 521 3630 ·
537 3598 655 3673 Dupiex
669 3594 776 3671 epocha
795 3601 924 3662 notatur,
942 3591 1004 3648 haee
1017 3590 1054 3647 cb
1068 3589 1142 3648 inte-
1193 3587 1267 3647 Add
1283 3589 1367 3645 Dion.
1384 3603 1505 3644 xxxvrt
1517 3585 1563 3646 46.

474 3701 537 3757 ritu
546 3695 675 3763 Caesaris,
690 3695 830 3751 altercer
844 3692 988 3750 debellata
999 3691 1143 3768 AEgypto:
1233 3698 1243 3720 '
1259 3688 1341 3746 conf.
1356 3703 1430 3744 xvrr.
1446 3688 1470 3742 l.
1485 3705 1513 3762 p.
1527 3683 1594 3744 468.
1609 3704 1632 3742 s.
1647 3685 1681 3742 Τ.
1701 3685 1752 3743 ubi
1763 3697 1846 3739 recen·

473 3797 540 3854 vide
550 3805 609 3852 not.
619 3811 719 3870 praegr.
735 3801 764 3850 ct
778 3791 880 3848 dehac
890 3789 1100 3847 consuetudine
1113 3789 1145 3845 in
1195 3797 1297 3844 rentur
1310 3787 1342 3842 in
1355 3785 1457 3842 ordine
1465 3785 1604 3861 temporis
1618 3793 1678 3842 tres
1687 3783 1771 3860 primi
1781 3779 1847 3838 Prae·

473 3891 622 3966 aliquibus
637 3887 765 3945 nummis
785 3887 945 3955 observata,
967 3883 1144 3943 Eckhel.111.
1195 3887 1272 3954 fecti,
1289 3886 1441 3945 Cornelius
1456 3884 1567 3955 Gallus,
1582 3883 1745 3951 Petronius,
1765 3877 1847 3936 AElius

474 4011 522 4068 pp.
538 3987 603 4047 268.
618 3985 683 4045 446.
698 3989 765 4046 452.
785 4002 827 4042 lv.
839 3988 906 4044 403.
1198 3986 1309 4056 Gallus,
1328 4005 1454 4061 quorum
1476 3983 1636 4043 secundum
1660 3983 1758 4060 opinor
1780 3993 1847 4036 nuuc

515 4093 700 4169 ‘AEgyptiao
715 4111 741 4166 p.
752 4093 799 4150 52.
1194 4085 1398 4160 magistratum
1416 4083 1505 4142 obire.
1557 4083 1640 4142 Cous.
1664 4083 1744 4140 Dion.
1760 4095 1792 4136 tr.
1810 4077 1845 4136 li-

515 4191 619 4247 ”Confi
637 4190 713 4247 Orat.
733 4206 788 4260 pro
805 4186 919 4248 Archia,
931 4202 959 4242 v.
976 4205 1032 4260 pro
1045 4185 1142 4252 Balbo,
1195 4200 1257 4240 tur.
1273 4185 1320 4247 29.

476 4307 560 4347 xxm.
584 4287 674 4361 Epist.
689 4287 822 4344 addetis.
836 4303 875 4342 ιν.
889 4289 933 4342 14.
959 4285 1032 4360 Offio.
1045 4301 1087 4342 ut
1100 4287 1143 4341 ll.
