3994 5242
459 521 500 584 82
891 516 1243 585 INSGRIPTIONES
1266 515 1458 584 GRAEGAE.
1627 515 1751 606 [moon.
1762 535 1858 583 cccv.

459 717 524 791 Ad
551 742 583 789 v.
604 721 660 790 12.
678 715 771 792 conf.
791 715 961 814 EurIpitl¹
990 713 1162 815 Μοχθεΐν
1187 705 1329 812 ἀνάγκη
1354 703 1441 794 τοὺς
1460 707 1643 792 θέλοντας
1670 708 1853 815 εὐτυχεῖν,

462 845 569 930 Dein,
585 839 756 942 Μοχθεῖν
771 831 925 940 ἀνάγκη·
943 833 1009 919 τὰς
1021 831 1059 914 δὲ
1076 830 1261 935 δαιμόνων
1271 827 1532 940 τόχαςὌστις
1545 831 1651 940 φέρει
1663 826 1857 931 κάλλιστ’,

465 955 558 1064 ἀνὴρ
579 959 687 1044 οὗτος
707 954 842 1067 σοφός.
895 967 987 1040 Hoec
1001 965 1131 1040 Blomf.
1147 963 1303 1064 Walpol.
1343 965 1492 1058 Addos3
1512 962 1684 1064 Μοχθεῖν
1703 954 1744 1037 δὲ
1762 965 1855 1060 βρο-

465 1093 589 1168 τοῖσιν
620 1076 776 1187 ἀνάγκη,
796 1103 833 1164 et
855 1091 893 1164 in
916 1091 986 1166 ulio
1013 1084 1262 1190 1οο.Τολμᾷν
1287 1079 1483 1188 δέχρειόν·
1512 1084 1535 1194 φ
1562 1079 1637 1186 γὰρ
1669 1083 1709 1161 ἐν
1740 1081 1857 1190 καιρῷ

467 1207 626 1316 Μόχθος
643 1205 796 1310 πολλὴν
814 1207 1049 1308 εὐδαιμονίαν
1066 1207 1193 1287 Τίκτει
1212 1211 1384 1308 θνητοῖσι
1402 1212 1596 1289 τελευτῶν.
1662 1214 1706 1286 In
1736 1216 1791 1286 13.
1809 1211 1859 1286 es·

467 1341 624 1414 fluxerat
639 1337 720 1412 finis
738 1363 787 1412 ex
805 1363 980 1412 marmore
994 1365 1001 1412 ι
1030 1350 1108 1412 erat
1124 1363 1212 1412 vero
1228 1339 1432 1414 luculenter
1447 1346 1590 1430 ΤΕΛΕΙ,
1609 1364 1739 1438 nempe
1757 1335 1863 1411 τελεῖ

471 1467 577 1561 (cave
605 1488 651 1536 ne
681 1487 765 1537 cum
789 1461 914 1540 Grttfio
943 1462 1077 1536 scribas
1100 1454 1233 1559 τέλει),
1251 1462 1351 1558 quod
1376 1476 1414 1538 et
1437 1464 1575 1562 placuit
1591 1461 1802 1539 Boissonad.
1822 1472 1861 1534 et

468 1588 651 1665 Welcker.
702 1587 905 1662 Induxerut
930 1585 1059 1660 Blomf.
1078 1575 1109 1661 τ’
1123 1577 1229 1685 ἔχειν,
1248 1588 1404 1687 Welpol.
1423 1580 1455 1664 τ’
1469 1580 1553 1688 ἔχει,
1580 1587 1627 1663 cd
1652 1613 1734 1686 quae
1759 1585 1861 1660 Bois-

468 1711 590 1786 sonad.
609 1736 683 1785 non
704 1711 895 1804 immerito,
913 1710 1037 1804 “Quis
1066 1711 1279 1808 particulam
1304 1739 1345 1786 τε
1370 1715 1605 1812 exspectabat
1615 1713 1650 1788 δ’
1704 1713 1861 1789 Sensum

468 1845 633 1906 accurate
657 1831 836 1929 expressit
858 1831 983 1904 Franz.
1011 1829 1212 1906 Praemium
1241 1831 1359 1909 victori
1381 1833 1548 1910 dormtum
1570 1833 1720 1934 effectum
1742 1831 1863 1909 reddet

469 1955 679 2034 conticium.
738 1942 959 2056 Νικηφόρον
986 1969 1041 2030 est
1057 1955 1202 2031 victric:
1231 1957 1295 2032 sed
1311 1957 1362 2034 rei
1377 1960 1551 2034 tribuitur
1568 1959 1757 2058 epitheton
1782 1983 1861 2056 per·

469 2109 575 2169 sonae,
593 2095 635 2156 ut
652 2082 688 2155 in
704 2078 891 2180 Tragico¹:
912 2073 1102 2177 σωτηρίαν
1109 2067 1282 2177 Ἕλλησι
1294 2073 1458 2158 δώσοντ’
1473 2077 1629 2184 ἔρχομαι
1641 2071 1859 2182 νικηφόρον.

469 2208 726 2286 Postmodum:
758 2195 848 2296 Kal,
887 2193 992 2279 τούπ’
1032 2193 1100 2297 ἔμ’,
1141 2199 1342 2305 εὐτυχοῖτε,
1380 2204 1441 2282 καὶ
1480 2197 1685 2309 νικηφόρου
1723 2199 1862 2304 Δώρου

471 2327 632 2434 τύχοιτε,
649 2331 714 2428 qui
733 2332 835 2405 locus
852 2330 988 2430 optime
1006 2355 1027 2403 o
1043 2345 1168 2404 nostro
1185 2331 1389 2430 expeditur.
1440 2335 1622 2410 Nimirum
1640 2334 1775 2409 criticis
1792 2334 1861 2408 dis·

468 2461 645 2558 plicuerat
660 2454 753 2530 illud
766 2446 896 2552 δώρου,
911 2468 1132 2553 quapropter
1147 2445 1256 2554 δορὸς
1269 2461 1491 2560 excogitavit
1504 2462 1707 2548 Piersonus‚
1721 2447 1861 2532 νόστον

470 2580 666 2659 Retskeus.
717 2581 762 2654 In
778 2583 834 2653 14.
850 2570 960 2678 ξηροὶ
979 2566 1113 2653 κλάδοι
1138 2595 1223 2656 sunt
1245 2585 1457 2660 Latinorum
1481 2583 1667 2661 roncaliam.
1719 2585 1765 2657 In
1791 2583 1860 2657 hoc

469 2735 502 2781 v.
526 2707 573 2781 od
598 2705 657 2780 fin.
676 2704 717 2780 C.
735 2711 850 2778 ΛΑΡ.
873 2757 883 2777 .
906 2756 949 2777 ..
981 2703 1081 2801 quod
1104 2719 1203 2780 recte
1220 2708 1352 2784 Blomf.
1376 2715 1491 2786 ΛΑΒ.
1516 2763 1526 2786 .
1550 2764 1585 2798 .,
1620 2709 1693 2784 scil.
1711 2707 1859 2797 λαβεῖν.

470 2830 515 2902 In
541 2831 596 2901 15.
624 2837 707 2924 post
734 2825 811 2898 init.
830 2823 871 2898 C.
892 2829 1018 2912 ΜΙΕΠ,
1048 2825 1213 2924 neglecto
1243 2829 1404 2928 ligature.
1467 2831 1512 2906 In
1537 2833 1593 2906 16.
1611 2829 1654 2906 C.
1673 2835 1860 2923 ΑΙΩΝΑΕ,

470 2953 570 3050 quod
598 2964 697 3027 recte
723 2949 878 3025 Akerbl.
907 2950 1115 3025 Boissonati
1142 2947 1297 3050 ἀγῶνας.
1362 2958 1407 3030 In
1435 2961 1490 3031 17.
1516 2957 1576 3031 fin.
1604 2957 1645 3034 C.
1671 2961 1857 3033 xtouot.

470 3077 625 3152 Akerbl.
645 3089 711 3152 etc.
728 3063 880 3175 χρόνον.
914 3077 977 3150 'In
997 3078 1053 3151 18.
1072 3077 1148 3153 init.
1170 3079 1211 3155 C.
1231 3084 1386 3158 rnont.
1435 3083 1536 3157 Dein
1552 3107 1574 3158 a
1589 3082 1682 3157 med.
1694 3081 1858 3157 Boisson.

471 3197 629 3290 ἔννεπεν,
647 3214 773 3278 contro
800 3200 860 3275 fin
886 3200 996 3301 lapid.
1047 3203 1093 3277 In
1112 3206 1168 3278 19.
1192 3203 1322 3281 lacuna
1344 3218 1399 3281 est
1421 3207 1574 3283 ducrum
1604 3207 1671 3282 litt.
1701 3207 1740 3280 in
1766 3206 1856 3280 fine:

511 3505 517 3546 ῑ
540 3506 609 3564 Loci
636 3523 712 3582 seqq.
732 3503 836 3580 Euript
864 3510 943 3571 sunt,
960 3501 1066 3578 Teleplt.
1090 3502 1138 3560 Fr.
1187 3506 1255 3570 539.
1297 3505 1380 3564 Conf.
1393 3515 1454 3566 not.
1475 3506 1584 3584 Hopfn.
1600 3505 1711 3565 incdit.
1722 3505 1809 3564 Beck.

471 3605 559 3666 Beck.
569 3621 693 3663 nxvnr.
707 3601 814 3661 AEolt'd.
825 3600 896 3660 ibid.
907 3619 982 3660 ιτα.
996 3601 1140 3678 Ηηηνοῑγι.
1229 3611 1250 3641 ¹³
1265 3604 1348 3663 Gonf.
1359 3607 1439 3664 Pers
1450 3605 1537 3666 Sotir.
1550 3623 1569 3664 1.
1580 3603 1628 3671 97.
1641 3622 1671 3664 v.
1681 3608 1730 3671 59.
1740 3604 1860 3664 romairo

469 3706 537 3772 207.
555 3705 688 3765 Τιιιιιιιία.
703 3707 751 3763 Fr.
760 3722 823 3763 τιτι.
1189 3703 1273 3762 arida
1285 3703 1317 3762 in
1331 3704 1415 3763 Osiri
1430 3707 1543 3764 Μααοι.
1557 3721 1621 3764 vus.
1634 3703 1702 3765 644.

510 3805 524 3843 ¹¹
540 3804 621 3864 Gens.
632 3803 701 3861 loco.
715 3803 806 3880 lpttq.
817 3801 913 3860 Aulin
928 3799 1010 3865 1472.
1019 3819 1041 3859 s.
1056 3799 1139 3863 1556.
1230 3803 1429 3864 0bv.ridetu1·
1437 3815 1537 3864 noster
1547 3805 1578 3863 in
1588 3805 1636 3864 tit.
1643 3803 1793 3864 Pisidicv.
1806 3806 1858 3873 19.,

470 3905 583 3963 Versus
596 3911 696 3960 noster
709 3901 818 3960 iterum
831 3901 936 3959 obvius
949 3909 994 3958 est
1007 3900 1039 3956 in
1052 3899 1139 3958 inser.
1189 3899 1325 3959 ubirero
1342 3903 1450 3960 monsit
1463 3903 1558 3961 solum
1571 3909 1658 3962 sno.
1697 3901 1801 3960 Nostri
1814 3904 1858 3960 26.

471 4003 589 4062 Pisidic.
614 4021 702 4078 supra
727 4001 759 4060 in
785 4008 846 4059 not.
869 4019 898 4072 ιι,
922 4017 949 4070 α,
972 4009 1138 4070 memorate,
1189 4001 1237 4056 21.
1256 3997 1403 4059 habentur
1425 4001 1486 4061 fere
1506 4001 1617 4079 integri
1639 4001 1671 4059 in
1689 4019 1736 4059 vr·
1751 4003 1799 4062 25.
1813 3997 1858 4059 26.

470 4123 497 4160 v.
510 4104 553 4160 18.
1190 4097 1225 4154 In
1235 4097 1290 4156 hoo
1304 4099 1416 4175 liquido
1429 4109 1562 4160 constare
1580 4100 1647 4160 lect
1661 4108 1796 4159 Mum
1809 4117 1858 4158 no·

511 4201 518 4234 ¹
539 4200 659 4276 Nempe,
674 4215 712 4256 ex
725 4197 793 4256 loec.
806 4196 887 4256 Herc
895 4195 960 4273 sur.
969 4198 1015 4260 49.
1037 4195 1140 4255 Ηιοιιδ.
1189 4197 1280 4256 tsbile
1293 4207 1345 4258 ost
