3994 5244
454 531 516 597 236
896 533 1248 601 INSORIPTIONES
1270 533 1463 600 GRAEGAE.
1574 533 1863 620 [macmoocnm.

456 723 599 798 schedae
611 721 650 800 S.
665 725 702 796 in
720 749 751 796 v.
769 727 800 796 1.
817 731 1074 799 santanae.
1128 727 1172 797 In
1190 749 1223 796 v.
1243 727 1277 797 4.
1299 723 1352 820 (1.
1371 723 1497 819 metr.)
1525 723 1725 796 contuleris
1748 720 1863 798 ἀλίω·

455 841 557 947 αὐγᾷ
578 847 784 920 Homericis
804 836 961 919 Ἠελίου
981 837 1011 920 τ’
1032 836 1128 942 αὐγὴ
1147 839 1408 943 Ὑπεριονίδαο
1440 838 1618 923 dumos.
1682 849 1793 923 Hinc
1821 851 1861 922 in

456 971 643 1070 Sibyllinis
661 973 715 1045 sol
732 985 787 1046 est
803 960 995 1068 πυρανγὴς
1015 963 1157 1049 δίσκος.
1212 974 1257 1044 In
1275 975 1306 1045 2.
1325 973 1409 1045 obv.
1429 967 1559 1069 φωνῆν
1574 963 1687 1064 (AEol.
1700 963 1861 1072 φωνην)

427 1119 520 1192 ΙΡςο
546 1093 703 1196 φωνεῖν.
769 1097 829 1172 Sic
856 1094 935 1169 infr.
970 1100 991 1168 7
995 1156 1001 1169 .
1064 1097 1207 1170 Deinde
1236 1096 1343 1170 valde
1370 1095 1546 1170 cruciavit
1572 1097 1726 1195 interpp.
1761 1100 1860 1174 illud

456 1220 641 1290 ΠΥΛΙΘω
660 1217 697 1289 in
714 1214 786 1302 fin,
812 1240 861 1288 ex
883 1215 1015 1311 quibus
1033 1229 1135 1289 erant
1152 1217 1216 1312 qui
1233 1241 1300 1315 pro
1316 1241 1414 1289 nom.
1431 1240 1553 1314 propr.
1567 1215 1712 1316 Pylias
1733 1243 1858 1318 sump

454 1343 552 1415 sere!
606 1341 775 1438 Conjecit
803 1341 974 1414 Letronn.
1003 1339 1085 1413 lect.
1113 1330 1157 1414 νύ
1184 1333 1288 1428 λίθω,
1316 1353 1461 1415 vetante
1491 1342 1735 1416 monimento:
1767 1345 1857 1418 dein

453 1463 642 1558 cujusdam
661 1463 825 1537 meminit
852 1461 1062 1535 somniantis
1084 1487 1151 1535 nos
1176 1461 1310 1536 habere
1328 1485 1454 1535 vocem
1478 1459 1667 1534 conflatam
1685 1485 1738 1534 ex
1757 1462 1856 1560 Cop

454 1587 526 1661 tico
544 1587 597 1662 Pi
621 1601 659 1662 et
684 1582 798 1676 λίθος,
824 1587 883 1660 cui
906 1587 1095 1685 ignoscant
1117 1611 1241 1660 manes
1263 1585 1428 1660 Balbillae
1451 1609 1566 1682 spero.
1630 1587 1697 1660 Est
1723 1600 1855 1686 aperte

454 1701 528 1784 ἀπὸ
548 1705 667 1792 λίθου,
688 1737 845 1812 proquo
863 1711 989 1785 AEoles
1006 1713 1230 1811 usurpabant
1248 1699 1324 1784 ἀπὺ
1342 1702 1446 1796 λίθω,
1465 1710 1605 1784 solenni
1621 1735 1749 1785 eorum
1769 1737 1853 1787 con-

453 1839 620 1912 versione
639 1865 659 1910 ο
677 1851 714 1913 et
729 1866 759 1910 ω
775 1839 814 1911 in
832 1864 873 1928 v;
900 1835 944 1910 cf.
962 1835 1044 1910 infr.
1061 1859 1261 1932 cccnxxlv.
1276 1839 1308 1909 3.
1322 1849 1360 1909 et
1372 1834 1509 1911 Bsckh.
1522 1835 1561 1908 in
1574 1837 1679 1910 Lesb.
1690 1861 1725 1909 n.
1739 1840 1851 1912 2189.

456 1965 512 2035 14.
540 1951 616 2038 ἀπὺ
643 1955 848 2053 βασιλέων.
919 1961 1166 2036 Conservatur
1193 1959 1308 2034 forma
1325 1960 1417 2032 etin
1434 1960 1651 2058 compositis,
1681 1974 1723 2035 ut
1754 1953 1850 2036 ἀπθ-

454 2113 581 2182 γονον,
599 2089 687 2163 ibid.
706 2115 740 2162 n.
760 2089 868 2164 2186.
890 2087 921 2158 8.
973 2085 1047 2159 Hic
1065 2073 1140 2158 ἀπὺ
1159 2077 1253 2156 λίθω
1270 2095 1326 2156 est
1342 2107 1365 2156 α
1384 2082 1509 2159 colosso
1526 2082 1748 2160 Memnonio.-
1775 2089 1849 2161 vid.

454 2232 680 2286 cchxxxm.
710 2215 741 2285 7.
770 2225 807 2286 et
836 2223 910 2285 not.
963 2211 1106 2284 Deinde
1124 2197 1398 2301 Παμβασιλεθς
1417 2208 1519 2282 audit
1535 2209 1709 2283 Hadrian.
1739 2226 1785 2284 ut
1810 2214 1864 2286 in.

453 2359 487 2407 n.
507 2357 585 2408 mx.
606 2339 636 2408 7.
655 2363 679 2410 s.
707 2333 777 2434 γῆς
797 2332 858 2408 καὶ
877 2318 1255 2431 θαλοίσσηςἈρχων,
1274 2345 1313 2406 et
1329 2333 1520 2431 Augustus
1546 2334 1584 2406 in
1601 2355 1744 2409 cccnnn
1763 2360 1794 2409 c.
1817 2339 1847 2409 1.

454 2451 703 2552 Ποντομέδων
722 2488 756 2532 κ.
773 2465 811 2532 λ.
858 2461 947 2536 <lovi
968 2461 1037 2558 ipsi
1064 2448 1204 2558 ἐξόχως
1231 2458 1406 2554 competit
1432 2459 1646 2556 appellati03
1673 2483 1732 2532 ex.
1751 2484 1781 2533 c.
1808 2461 1846 2534 in

456 2580 592 2683 Orpbic
615 2587 671 2658 72.
700 2581 804 2677 Ζῆνα
831 2577 962 2682 μέγαν,
991 2574 1304 2677 πολύπλαγκτον,
1333 2571 1545 2682 ἀλάστορα,
1575 2581 1845 2678 παμβασιλῆα.

452 2708 608 2798 Exinde,
625 2711 708 2806 jure
731 2712 902 2809 conjugii,
927 2713 1028 2787 duno
1055 2698 1348 2800 cappaciana:
1380 2707 1522 2781 mireris
1550 2707 1634 2782 ideo
1663 2701 1846 2802 βασιληΐς

451 2846 591 2908 tantum
617 2835 823 2910 audientem
854 2835 1023 2911 Sabinam
1049 2835 1087 2908 in
1115 2855 1310 2908 cccmxxw.
1331 2839 1365 2905 3.
1407 2833 1450 2905 In
1468 2832 1526 2906 fin.
1545 2857 1639 2906 vers.
1667 2824 1766 2928 αὐγαί
1790 2849 1846 2906 est

451 2961 601 3034 Pindari
632 2950 740 3060 φλὸξ
772 2951 1064 3052 ἀνατελλομένα,
1093 2971 1191 3034 ortus
1220 2957 1311 3040 solis,
1344 2955 1441 3054 apud
1477 2982 1586 3054 quem
1619 2983 1761 3034 occasus
1789 2974 1845 3032 est

452 3081 593 3178 δυσμαὶ
620 3078 766 3180 αι’νγᾶνε
791 3085 944 3182 proinde
972 3083 1197 3181 suppleveris
1225 3083 1263 3154 in
1292 3095 1418 3156 nostro
1444 3075 1756 3175 ἀνατελλομένας,
1784 3081 1843 3156 vel

449 3214 558 3286 etiam
576 3199 821 3308 ἀνισχοθσος.
874 3211 1119 3282 Romanorum
1137 3221 1239 3280 erant
1255 3219 1333 3281 astte
1347 3205 1456 3282 lucem
1475 3205 1595 3305 (quod
1616 3207 1656 3279 in
1672 3206 1709 3279 h.
1723 3207 1748 3279 l.
1767 3231 1842 3280 ver·

446 3423 560 3473 tantur.
599 3413 782 3472 Pocokianus
795 3413 1040 3472 notabilisestob
1053 3431 1118 3490 pra·
1169 3411 1252 3470 tibus
1273 3430 1342 3470 vero
1368 3409 1503 3488 notandis
1529 3409 1561 3467 in
1587 3409 1710 3468 miuusc.
1735 3410 1840 3468 rationi

448 3533 499 3572 vas
518 3513 598 3572 lectt.
614 3511 694 3572 unde
713 3513 750 3570 de
771 3513 879 3571 Sabina
896 3531 1001 3570 nomen
1010 3511 1119 3572 sutiam
1169 3508 1289 3566 AEolicae
1302 3527 1360 3566 non
1371 3509 1646 3583 obsequutussum:
1661 3506 1696 3564 cf.
1706 3505 1838 3565 Corinth.

449 3611 553 3672 sortita
566 3611 721 3671 somniavit
733 3611 797 3670 nd
828 3611 911 3670 Cous.
922 3610 1043 3669 Eckheb
1060 3611 1117 3668 vol.
1168 3606 1214 3663 Dc
1234 3605 1313 3664 Dat.
1331 3605 1410 3663 AEol.
1431 3601 1446 3684 §
1465 3621 1547 3663 xum.
1588 3603 1667 3663 Satis
1683 3603 1775 3662 habui
1794 3605 1837 3663 bis

449 3727 489 3768 vt.
505 3713 609 3788 psal.
624 3729 648 3768 a
1171 3712 1253 3760 terve
1265 3720 1383 3760 monere
1395 3702 1427 3758 in
1440 3702 1526 3760 notis.

487 3809 603 3866 ¹Notes
621 3805 670 3866 hic
691 3808 790 3885 script
803 3805 881 3876 ὶλίν,
900 3827 959 3865 non
980 3807 1058 3877 ἀλίν,
1074 3805 1119 3864 id·
1210 3802 1320 3860 ”Confi
1335 3801 1432 3878 odyss.
1444 3805 1485 3877 μ’.
1499 3799 1563 3865 176.

447 3925 505 3984 que
517 3915 638 3983 propter
652 3907 837 3976 AEolismum‚
852 3905 902 3965 cui
919 3907 1039 3983 ignotus
1059 3905 1119 3963 suit
1208 3899 1302 3957 ‘’Vid.
1322 3899 1456 3958 Corinth.
1467 3899 1547 3958 Dat.
1561 3899 1658 3959 Dorio.
1674 3896 1705 3979 §d
1727 3917 1837 3960 xxxix.

448 4001 571 4080 spiritus
585 4019 674 4077 asper.
717 4002 766 4060 Sic
779 4001 848 4060 infr.
862 4002 893 4059 in
906 4021 953 4060 vv.
971 4004 1015 4060 14.
1030 4021 1052 4060 s.
1066 4003 1117 4061 ob·
1168 4017 1217 4060 cn.
1227 4000 1306 4059 AEol.
1320 4019 1351 4061 x.
1372 4013 1402 4060 et
1416 4001 1509 4060 Konii
1521 4011 1583 4059 not.
1598 4021 1646 4079 pp.
1661 4004 1729 4067 293.
1746 4022 1768 4060 s.

446 4105 494 4160 via
517 4111 588 4160 sunt
610 4097 708 4169 αθσσα,
726 4123 784 4162 non
806 4095 910 4176 xiim,
933 4113 964 4162 et
985 4096 1117 4175 ίγςνθίίς,
1205 4101 1368 4178 “Apollom
1381 4101 1487 4176 tityon.
1498 4097 1614 4160 &382-
1628 4099 1741 4172 mist„
1752 4109 1829 4175 Πιμ-

446 4217 505 4256 non
525 4193 598 4268 ipos
620 4198 660 4262 ἀς.
701 4199 783 4258 Cous.
807 4198 933 4257 Fischer.
949 4199 1116 4258 Animadvv.
1167 4203 1291 4266 βασίλεια
1301 4205 1360 4264 Atia
1374 4197 1622 4262 staincfflltnmc.

447 4299 487 4356 ud
504 4295 616 4356 Weum·
632 4295 682 4357 Gr.
703 4317 751 4374 pp.
766 4299 831 4358 15³.
846 4296 912 4358 246.
961 4299 997 4356 In
1018 4319 1116 4358 accen·
1207 4299 1334 4358 ‘Isthm
1347 4317 1386 4360 1v.
1405 4301 1468 4359 110.
1483 4319 1504 4358 s.
