3918 5240
96 561 316 643 mscaroom]
618 551 941 623 ALEXANDRIA.
1414 553 1469 618 151

95 739 281 838 diligentie.
335 741 423 816 Lux
444 742 560 838 prima
577 741 775 838 (quatenus
802 738 897 838 scio)
917 738 1051 815 effirlsit
1076 765 1125 814 ex
1148 753 1282 816 conatu
1304 753 1472 840 praestan·

96 861 214 934 tissimi
239 859 377 947 Leskii
396 863 461 958 qui
481 862 745 936 monimentum
771 861 1000 935 Diocletiano
1027 863 1187 936 restituit
1215 875 1253 935 et
1280 864 1317 936 in
1343 864 1472 938 ceteris

95 1007 231 1080 quoque
258 985 391 1058 bonam
420 1007 565 1080 operam
596 984 768 1058 navavit¹.
828 982 972 1057 Deinde
1007 996 1182 1078 sequutus
1205 983 1474 1058 Wilkinsonusy

95 1103 328 1202 apographum
355 1127 428 1202 qna
451 1114 594 1201 poterat
620 1129 707 1177 cura
733 1103 932 1190 contexuit,
958 1103 1109 1200 pulvere
1131 1116 1296 1178 creteoeo
1313 1104 1474 1202 vestigiis

95 1223 284 1298 litterarum
301 1249 384 1322 quae
401 1236 537 1299 restant
562 1223 831 1324 superinducto
849 1224 952 1321 qussi
969 1223 1149 1320 palpando
1166 1225 1235 1297 iter
1250 1249 1472 1322 permensus.

96 1345 282 1418 Praeiverat
311 1345 567 1420 Hamiltonuet
627 1344 825 1442 Exemplar
854 1369 958 1418 suum
987 1342 1129 1417 addidit
1155 1355 1193 1418 et
1216 1345 1404 1420 Vicecom.
1427 1345 1473 1417 de

96 1465 404 1541 Chateeubricnd.
459 1465 631 1562 Sequitur
646 1465 789 1558 horum,
806 1463 949 1561 adjecto
968 1462 1188 1550 Cluuiano,
1205 1487 1380 1538 recensus.

161 1587 204 1660 In
221 1611 253 1659 v.
268 1589 298 1659 l.
319 1584 371 1660 Ol.
390 1585 465 1658 init
484 1588 916 1660 ΤΟΝΤΙΜΙωΤΑΤΟΝ.
952 1582 998 1657 L.
1016 1589 1146 1659 ΤΟΝ.
1171 1637 1179 1656 .
1201 1637 1210 1657 .
1231 1591 1472 1660 .ΩΤΑΤΟΝ.

96 1709 138 1783 Η.
154 1717 224 1787 ΤΟ
228 1763 404 1785 ......
423 1715 639 1786 ωΤΑΤΟΝ.
687 1707 745 1782 W.
761 1707 910 1784 Clarkio
927 1709 1093 1782 conciuit
1138 1698 1473 1808 011.Πρὸςσοφῶ-

95 1863 210 1909 τατον.
263 1835 503 1911 Villoiaonus⁰
528 1831 797 1909 commendavit
821 1834 1130 1906 ΟΟΙωΤΑΤΟΝ.
1182 1831 1227 1902 In
1249 1855 1283 1902 v.
1302 1834 1334 1903 2.
1362 1829 1474 1927 epith.

98 1966 381 2047 ΠΟΛΙΟΥΧΟΝ,
419 1959 630 2033 numinibus
665 1959 747 2053 jure
784 1955 932 2054 proprio
969 1955 1170 2042 tributum,
1210 1969 1252 2028 ut
1289 1947 1475 2044 Πολιάδα,

130 2161 234 2220 ¹cons.
254 2161 339 2219 Dior.
364 2159 477 2220 Olcaaic.
497 2159 589 2218 Loud.
614 2159 671 2218 vol.
692 2175 756 2216 xm.
845 2158 938 2217 ‘Not
961 2157 998 2214 ad
1021 2157 1101 2215 titul.
1126 2158 1284 2216 Jauberti:
1315 2157 1373 2216 rid.
1394 2177 1475 2234 supr.

95 2281 137 2337 pp
153 2263 293 2323 152-155.
315 2277 364 2318 xv.
380 2259 442 2320 161.
457 2281 494 2319 ss.
514 2261 612 2319 ubiin
626 2259 758 2337 Epistola
806 2264 865 2314 not.
879 2275 906 2313 c.
946 2255 1048 2313 Fidem
1068 2253 1244 2312 Lealrianam
1263 2256 1299 2313 de
1312 2255 1366 2314 hac
1385 2265 1476 2314 mate-

95 2359 126 2416 sd
138 2359 310 2419 Prerostum
323 2359 446 2436 exponit
461 2359 588 2417 rationes
601 2357 667 2433 ejus
679 2358 758 2414 inter
806 2355 851 2413 ria
863 2353 1016 2414 confirmat
1028 2355 1174 2414 Vicecorn
1189 2355 1225 2414 de
1234 2355 1408 2416 Chateaubr.
1422 2357 1476 2414 nbi

94 2458 305 2518 describendum
316 2459 363 2516 vir
376 2457 517 2516 eximius:
539 2457 612 2534 quin
626 2457 715 2516 etiam
725 2457 757 2513 in
807 2470 886 2528 supr.

96 2557 290 2616 seclientelsm
304 2557 388 2616 tituli
402 2575 489 2632 quem
501 2575 555 2633 pro
563 2555 757 2614 laubertiano
846 2551 1000 2609 *minema
1009 2551 1228 2610 exnuminibus
1238 2561 1302 2611 eret
1312 2553 1476 2611 sensuemi-

96 2654 217 2714 ediderat
231 2663 262 2714 et
278 2655 444 2714 illustrarat
457 2653 640 2713 Villoisouus
658 2653 690 2710 in
709 2672 755 2711 an.
806 2651 939 2708 nentiore
962 2650 1041 2709 dicta
1062 2658 1219 2727 Πολιοῦχος,
1238 2659 1275 2710 ut
1297 2652 1375 2729 apud
1390 2651 1478 2711 Chios

100 2755 175 2814 1803,
188 2755 301 2832 recipit„
807 2747 1004 2826 (Herodott
1033 2747 1111 2826 160.)
1132 2750 1351 2827 Spartanosque
1374 2750 1427 2826 qui
1450 2751 1477 2808 ei

131 2851 236 2910 'Confi
254 2852 323 2910 libr.
340 2850 573 2928 Topoprupliyos
581 2847 688 2919 Thebes,
702 2857 756 2906 etc.
806 2853 862 2908 sub
886 2851 941 2910 hoo
967 2855 1084 2912 nomine
1106 2873 1173 2913 curn
1198 2853 1348 2932 xasaralap
1378 2855 1477 2914 eodem

97 2961 149 3009 not
168 2972 196 3030 p
210 2955 277 3017 289.
294 2952 350 3010 ubi
371 2950 478 3008 statuit
497 2959 528 3008 et
547 2967 697 3008 mensuras
711 2966 757 3005 co-
806 2961 954 3027 spectante
971 2953 1129 3028 conjuncto
1151 2955 1225 3013 sedes
1244 2955 1277 3012 in
1293 2973 1359 3014 sroe
1377 2974 1477 3013 eorum

97 3051 195 3110 lumuae
215 3069 279 3127 que
300 3069 317 3108 a
337 3047 516 3107 Deoouiania
539 3047 661 3115 distant,
681 3047 757 3124 pari·
806 3047 951 3107 dicarunt.
986 3049 1030 3108 cf.
1042 3050 1216 3110 Panaenus.
1229 3051 1273 3116 17.
1285 3057 1313 3112 3.
1348 3054 1477 3112 Obriurn

97 3157 192 3225 terque
211 3151 248 3208 ab
264 3149 302 3208 iis
325 3167 398 3225 quaa
419 3147 539 3206 dederat
560 3145 758 3205 Montacutus.
806 3147 958 3224 epitheton
980 3157 1026 3208 est
1048 3159 1079 3208 et
1105 3151 1137 3207 in
1164 3149 1284 3209 Sueten
1306 3151 1392 3210 Vtut
1413 3169 1476 3208 1111.

98 3245 215 3324 Scapum
234 3245 429 3304 monolithum
449 3245 562 3304 eximite
581 3243 760 3322 pulcritudi-
808 3247 894 3306 Hane
907 3247 1044 3326 (omnam)
1058 3267 1163 3326 pampro
1174 3251 1345 3325 ermperuoit
1357 3251 1414 3327 apsa
1432 3252 1477 3308 de·

98 3347 136 3404 nis
152 3349 245 3406 etatis
258 3347 413 3404 anterioris
433 3365 507 3423 opus
526 3345 616 3404 fuisse
634 3345 758 3402 arbitra-
808 3348 941 3406 decutiens
948 3349 1054 3422 potino
1066 3367 1149 3424 quom
1162 3350 1194 3407 ob
1205 3351 1363 3408 immensam
1372 3351 1478 3426 ’παρηὶ-

98 3455 142 3504 tur
148 3447 283 3506 Wilkins.
305 3443 682 3516 Leslriooonsentiens3hoc
692 3463 759 3503 saue
806 3447 926 3504 tudinem
942 3445 1073 3522 Clypeum
1087 3448 1139 3526 (ao.
1153 3445 1261 3524 clylia)
1275 3451 1409 3508 Minervae
1422 3457 1477 3506 Πο-

98 3545 181 3602 cniris
197 3545 244 3603 vel
264 3543 450 3602 mediocriter
468 3541 635 3620 perspicaci,
658 3543 758 3600 statim
808 3543 917 3620 λιοΰχοο
937 3545 1083 3603 diadolus.
1125 3547 1242 3624 Typum
1260 3567 1347 3624 porro
1365 3549 1479 3605 nummi

97 3653 201 3702 meant
213 3643 352 3702 intuenti
808 3641 961 3718 cujusdem
988 3642 1149 3701 Domitiani
1176 3643 1331 3721 exscripsit
1357 3643 1479 3702 Eelrhel

131 3753 138 3774 ¹
152 3743 233 3802 Geni.
248 3743 409 3818 AEqyptaoc
423 3761 450 3818 p.
461 3743 529 3801 403.
808 3761 846 3799 sc.
864 3741 960 3800 Palles
980 3761 1048 3799 oum
1070 3741 1236 3818 insignibus
1256 3750 1286 3800 et
1305 3742 1397 3819 epigr.
1412 3751 1479 3800 110·

131 3853 140 3873 ¹
154 3842 229 3902 Vide
241 3843 369 3910 (Eume,
385 3851 455 3900 tom.
466 3857 509 3899 ιι.
523 3860 551 3917 p.
566 3842 629 3904 187.
656 3841 758 3916 Subji·
809 3849 981 3911 ΛΙΟΥΧΟΟ,
996 3843 1028 3898 in
1041 3841 1097 3900 vol
1107 3857 1147 3898 vr.
1157 3860 1185 3918 p.
1196 3845 1263 3906 394.
1272 3843 1301 3900 b.
1342 3843 1480 3902 Ceterum

98 3942 133 3998 cit
151 3941 309 4020 exemplari
332 3959 385 3998 auo
398 3941 444 3998 vir
463 3940 573 3998 illustr.
592 3938 679 3998 Aiaci
698 3949 760 3998 toras
809 3941 1017 4018 Imperatorem
1030 3949 1173 4010 nostrum,
1188 3959 1247 3998 non
1266 3941 1351 4000 modo
1370 3951 1407 4001 ut
1426 3953 1480 4002 Πο-

97 4033 131 4091 les
150 4037 241 4096 ἅοιαοο
255 4055 307 4094 sar
325 4037 355 4094 lo
376 4037 486 4096 echone
507 4038 541 4097 de
557 4037 679 4114 Pompee
700 4049 760 4097 sont
810 4046 914 4114 λιοῦχοο
928 4039 978 4099 sed
998 4049 1028 4098 et
1041 4045 1233 4115 Αἰγοοτοῦχοο,
1248 4041 1366 4116 quantis
1386 4041 1479 4100 laudi-

98 4125 220 4192 idaeae
260 4132 404 4190 iudicent
417 4133 536 4191 eruditi.
809 4140 867 4197 bus
886 4137 971 4198 effert
983 4137 1146 4198 Eumenius
1159 4139 1260 4198 videre
1277 4150 1322 4198 est
1341 4139 1373 4198 in
1387 4141 1480 4199 Pone·

133 4231 761 4312 ⁵contlibrfflravdaetavotappsts-
805 4239 893 4314 pyris.
912 4255 952 4296 rx.
972 4257 1001 4315 p.
1023 4239 1086 4296 121.
1126 4237 1295 4297 Clamarere
1314 4239 1365 4296 alii
1383 4257 1481 4314 puceu

99 4326 158 4388 366.
804 4338 904 4412 secisse
915 4337 1152 4414 qraisolt‘tudinem.
1174 4339 1243 4398 Vid.
1257 4339 1345 4397 noti„
1360 4339 1427 4398 inir.

765 4436 821 4496 ut
