3994 5244
131 555 229 602 mser.
246 537 439 624 comunt]
734 537 915 606 THEBAE.
1457 545 1517 606 241

129 723 310 818 prodeunt
335 737 411 800 tres
428 749 563 812 versus,
581 726 747 802 rudiores
765 753 849 802 sane
867 729 959 802 etin
976 741 1132 804 metrum
1150 741 1350 827 peccantes,
1369 729 1433 804 sed
1451 731 1520 804 hoo

128 851 161 922 in
178 853 403 927 Memnoniis
420 854 522 950 parvi
540 854 668 928 refert:

571 993 680 1073 Αὖλος
695 993 885 1082 Φλοβιουός
901 994 1063 1071 Φίλιππος

551 1099 693 1168 Ἔκλυου
709 1107 878 1187 Μέμνονος
891 1109 947 1169 τοῦ
964 1101 1135 1179 θειοτάτου,

566 1207 809 1292 Αὐτοκράτορος
823 1204 1005 1294 Ἀδριανοῦ.

129 1339 199 1412 Hic
217 1339 392 1413 restitisse
415 1337 570 1412 arbitror
592 1339 805 1437 scriptorem
824 1337 990 1411 Balbillae
1008 1335 1234 1409 aemulatione
1253 1347 1399 1419 tactum,
1417 1332 1517 1406 etad

128 1459 332 1554 pedestrem
362 1484 501 1533 musam
531 1484 569 1533 se
592 1459 797 1534 contulisse.
850 1459 895 1532 In
920 1456 1073 1530 exordio
1098 1455 1290 1555 rhythmus
1317 1467 1515 1550 anapaestos

127 1583 276 1670 redolet,
290 1597 328 1657 et
340 1583 433 1658 illud
450 1575 584 1657 ἔκλυον
601 1585 723 1660 stilum
741 1585 935 1682 poeticum.
982 1581 1055 1657 Sed
1072 1581 1150 1656 haec
1163 1582 1327 1655 levicula.
1371 1583 1415 1654 In
1430 1607 1463 1653 υ.
1482 1585 1515 1653 4.

129 1707 261 1782 dicitur
287 1708 333 1781 de
359 1710 555 1782 Memnone
581 1695 774 1783 θειοτάτου
799 1721 841 1782 ut
865 1709 904 1780 in
922 1729 1147 1782 cchxxvm.
1165 1706 1248 1780 infr.
1268 1711 1301 1780 2.
1364 1709 1408 1780 In
1435 1709 1467 1779 6.
1488 1733 1514 1778 s.

129 1833 338 1932 accipienda
370 1847 454 1906 sunt
485 1823 588 1911 ἐντὸς
618 1819 715 1931 ὥρας
746 1825 918 1928 δευτέρας
943 1846 1126 1930 tamquam
1157 1833 1382 1930 designantia
1411 1857 1516 1904 omne

129 1951 220 2025 illud
245 1966 388 2049 tempus
413 1952 512 2049 quod
529 1966 612 2026 ante
629 1953 813 2026 ineuntem
840 1951 965 2025 horam
992 1951 1185 2026 secundam
1211 1951 1329 2024 luerat
1346 1952 1517 2048 elapsum,

131 2072 206 2168 ipsa
221 2073 312 2146 hora
328 2071 475 2146 ineunte
492 2073 642 2146 inclusa.
697 2073 757 2149 Sic
775 2071 954 2170 Ulpianus
980 2073 1018 2144 in
1044 2072 1242 2167 quaestione
1269 2071 1454 2144 tractanda
1472 2072 1516 2143 de

127 2189 231 2282 jure‘3
255 2189 358 2276 Quod
370 2189 518 2266 dicimus
534 2188 628 2264 intra
645 2191 719 2266 dies
736 2205 868 2267 smmum
884 2191 1053 2264 bonorum
1062 2189 1311 2290 possessimtem
1321 2191 1396 2290 peti
1405 2217 1517 2288 posse,

132 2309 178 2384 ito
204 2311 457 2410 imellipendum
483 2325 540 2398 nt,
570 2325 610 2386 ut
637 2325 667 2386 ct
689 2311 764 2412 ipso
791 2311 847 2386 dic
868 2311 1043 2386 commimo
1066 2312 1234 2387 bonorum
1254 2313 1426 2410 possessio
1449 2311 1519 2410 peti

126 2432 257 2526 possit:
286 2431 579 2529 quemadmodum
598 2432 691 2506 intra
716 2433 881 2509 colendos
904 2431 1007 2507 etium
1032 2432 1120 2532 ipsoe
1135 2431 1285 2507 colmdoe
1301 2432 1388 2506 sint:
1415 2434 1517 2505 nimi·

132 2573 219 2636 rum,
237 2549 336 2623 haud
352 2550 430 2624 exit
446 2549 562 2623 donec
575 2552 651 2647 jam
669 2551 851 2624 exiverint
867 2549 1037 2625 calendae.
1089 2550 1310 2646 Neutiquam
1328 2551 1518 2624 confundit

132 2681 359 2780 loquutiones
371 2681 671 2770 iurisconsultus,
683 2695 725 2756 ut
735 2707 803 2755 nec
813 2681 890 2780 ipse
901 2681 1092 2780 Philippus
1107 2671 1209 2759 ἐντὸς
1221 2668 1317 2778 ὧρας
1327 2708 1409 2756 cum
1421 2670 1517 2778 ὥρας

133 2803 339 2901 simpliciter
362 2803 488 2900 posito,
514 2827 633 2898 neque
659 2801 825 2894 Plinius⁸‚
852 2827 964 2900 quum
993 2803 1144 2899 scripsit,
1175 2801 1302 2877 Omnia
1332 2805 1517 2901 (deflores-

130 2926 232 3014 cunt)
250 2937 281 2998 ετ
308 2921 401 2996 iutra
419 2945 499 2996 vm.
518 2921 610 2996 Idus
625 2921 726 3008 Iulii,
755 2925 856 3019 quasi
883 2921 1020 2995 dixerit
1037 2921 1164 2996 Idibus
1176 2921 1277 2997 Julii
1329 2925 1420 2998 Haec
1446 2951 1516 2998 ma-

134 3043 316 3116 nifestiora
333 3057 416 3116 sunt
434 3067 542 3138 quam
560 3055 602 3117 ut
620 3041 756 3116 diutius
774 3045 953 3116 immorer.

653 3267 941 3344 CCCLXXIII.
969 3267 1002 3340 h.

203 3429 348 3501 Titulus
371 3429 521 3526 insignis
539 3428 584 3501 de
603 3431 743 3503 colosso
761 3431 964 3528 descriptus
982 3430 1180 3526 eademque
1199 3430 1344 3526 regione
1367 3453 1408 3500 ac
1429 3453 1515 3524 prae-

133 3572 283 3644 gressus
315 3573 422 3645 supra
449 3573 556 3644 quem
587 3551 725 3624 stabat:
765 3563 1022 3624 commemorat
1051 3550 1219 3626 Sabinam
1247 3551 1515 3646 Imperatricem

171 3734 268 3792 ‘Vide
281 3734 385 3809 Dipeat.
400 3751 532 3792 xxxviii
547 3739 574 3799 9.
593 3739 617 3792 l.
632 3736 706 3794 med.
850 3739 982 3795 curiosus
996 3737 1115 3795 ridetur
1137 3737 1227 3794 fuisse
1247 3736 1311 3802 Dio,
1327 3737 1414 3810 cujus
1428 3740 1517 3795 verba

170 3833 313 3909 Argumm
322 3833 558 3910 disceptationem
569 3835 605 3892 de
618 3835 744 3894 formula
757 3839 799 3894 in·
851 3837 963 3894 suntin
973 3839 1066 3894 xmss.
1079 3836 1181 3892 hart,
1190 3831 1215 3891 δὲ
1224 3831 1252 3895 δὴ
1261 3832 1516 3912 kariacum-nl

133 3943 175 3990 tra
197 3933 339 3992 Kalendas
365 3933 432 3992 vide
454 3935 493 3992 sis
516 3935 594 4012 apud
617 3935 745 3994 Gellium
768 3938 800 3994 iu
851 3934 1036 4016 ττςατιυματι
1058 3939 1121 4001 inis
1144 3939 1213 4016 ῥυτῐτ
1235 3933 1324 4014 litiga<
1348 3935 1515 4016 ragadaisus,

134 4033 461 4110 MA.111.13.‚qusm
482 4035 579 4093 locum
601 4036 673 4093 citat
695 4046 725 4094 et
746 4039 800 4094 Le·
851 4055 915 4112 quta
935 4037 997 4112 ipss
1017 4044 1087 4093 sunt
1108 4035 1140 4094 iu
1153 4033 1221 4092 Bell.
1236 4034 1314 4094 Girsu.
1333 4053 1350 4093 1.
1364 4041 1391 4094 2.
1407 4037 1455 4094 lira
1477 4041 1519 4096 mi

134 4134 273 4202 tronnius,
290 4133 473 4210 Sulpiciique
491 4134 604 4208 judicio
618 4135 800 4210 obsequntus
850 4144 912 4192 amc
924 4144 1023 4192 certam
1035 4133 1106 4190 duem
1124 4132 1225 4192 Cesar.
1236 4135 1379 4192 cencium
1392 4137 1516 4193 dimittat.

133 4233 249 4306 prefert
261 4232 293 4289 in
306 4231 335 4290 h.
350 4232 368 4289 l
383 4233 657 4309 interpretationem
671 4233 740 4291 hora
759 4254 799 4292 se·
889 4243 901 4276 θ
915 4233 995 4290 Libr.
1011 4248 1074 4288 rvr.
1090 4233 1136 4287 42.
1151 4235 1177 4288 2.

133 4329 228 4386 cunda.
271 4328 453 4387 Subtilitstis
462 4348 531 4388 vero
543 4328 668 4404 hujusce
679 4331 799 4388 minime
