3994 5242
133 523 402 608 monacum]
705 519 1044 589 ANTIPHELLUS.
1497 535 1539 596 27

137 709 349 785 Secundam
367 708 602 782 variationem
629 709 727 782 subit
751 720 789 782 et
813 709 911 807 apud
932 711 1109 796 Fellows.,
1127 711 1235 786 modo
1252 717 1285 802 ci,
1303 715 1486 792 interdum
1510 727 1538 805 e,

136 832 288 930 scripto,
305 843 348 904 ut
369 855 418 904 ex
434 829 552 903 citatis
577 830 616 902 in
641 841 729 904 nota
752 831 876 927 liquet.
931 831 1133 929 Septimum
1159 844 1215 905 est
1240 833 1278 906 in
1304 833 1469 908 Fellows.
1490 839 1537 922 Σ,

137 953 244 1051 quod
270 953 480 1049 scrupulum
505 951 632 1047 injicit,
658 976 777 1048 neque
803 950 1074 1049 expediendum
1091 951 1238 1026 videtur
1263 953 1334 1026 nisi
1360 979 1425 1052 per
1448 959 1539 1030 vari·

138 1087 263 1148 antem
298 1073 504 1146 dialectum.
573 1072 731 1147 Accedit
764 1097 910 1170 quoque
941 1074 1040 1170 quod
1069 1073 1108 1145 in
1137 1073 1359 1147 monimento
1391 1075 1537 1149 exoleto

138 1193 258 1267 facilis
284 1189 448 1265 confusio
478 1202 533 1263 est
557 1191 759 1266 litterarum
789 1188 832 1270 ·l·
852 1200 870 1266 Ξ
892 1203 926 1266 1
945 1199 986 1266 Β.
1042 1192 1319 1268 Observandum
1346 1218 1455 1290 porro
1483 1208 1539 1270 est

140 1314 490 1412 coagmentationem
504 1314 581 1408 ejus
598 1337 682 1388 cum
699 1316 921 1412 pronomine,
932 1313 1033 1411 quod
1045 1315 1158 1388 instar
1169 1314 1380 1388 suffixorum
1398 1316 1437 1388 in
1450 1315 1537 1390 She·

139 1435 274 1509 miticis
297 1434 469 1509 clausulae
490 1433 673 1508 adhaerere
691 1435 846 1523 videtur,
874 1436 1048 1533 quasdam
1071 1435 1221 1510 fortasse
1242 1435 1458 1508 mutationes
1486 1437 1537 1508 in-

140 1558 276 1632 tulisse.
327 1557 424 1630 Dein
440 1557 563 1630 littera
579 1558 707 1634 tdtima
726 1583 750 1632 a
767 1559 913 1634 videtur
929 1585 995 1658 per
1011 1559 1140 1634 cresim
1158 1555 1351 1655 quamdam
1369 1557 1481 1630 latere
1498 1557 1536 1628 in

140 1677 257 1775 prima
274 1677 405 1770 suffixi,
418 1699 500 1772 quae
517 1701 583 1774 pro
600 1703 617 1752 e
632 1676 675 1752 fit
690 1685 718 1764 d,
736 1690 774 1751 et
786 1703 835 1752 ex
851 1679 922 1753 hoc
940 1679 1097 1752 vicissim
1114 1677 1258 1751 exsulat
1275 1675 1381 1750 tertia
1405 1677 1483 1772 ejus
1506 1701 1536 1748 v.

141 1799 234 1872 Haee
251 1811 370 1871 statuo
387 1820 469 1893 quae
486 1797 579 1870 visui
597 1799 739 1894 objecta
756 1811 861 1872 sunt:
890 1799 1108 1872 delitescunt
1132 1798 1290 1870 rationes
1307 1797 1345 1868 in
1362 1819 1536 1893 gramma-

143 1919 211 1992 tica
227 1919 420 1992 immatura
436 1917 555 1991 adhuc
572 1931 610 1992 et
626 1920 814 1994 titubante.

215 2044 327 2116 XVI.
354 2040 578 2118 stennone.
630 2044 791 2118 Videtur
807 2043 877 2118 hoc
894 2043 1113 2142 respondere
1128 2043 1266 2120 Graecis
1291 2029 1315 2136 ἢ
1336 2035 1460 2143 ἑτέρῳ,
1478 2043 1537 2116 vel

141 2153 164 2260 ἦ
183 2159 293 2266 ἄλλῳ
311 2159 395 2256 τινί,
410 2192 491 2240 nam
505 2168 544 2239 in
557 2166 625 2241 hac
636 2181 737 2264 parte
752 2169 915 2243 evanidae
927 2168 1075 2242 fuerunt
1088 2168 1228 2240 litterae.
1284 2167 1433 2264 Sprattii
1452 2180 1535 2240 sunt

142 2287 179 2360 in
196 2287 495 2387 Lyealteedsasa
512 2287 724 2364 Grotefend.
745 2289 828 2388 (qui
845 2289 938 2363 male
956 2289 1142 2388 distinxit)
1164 2289 1265 2362 dedit
1282 2290 1467 2389 sdfddestia.

216 2407 326 2500 Quod
352 2409 439 2482 dedi
463 2409 656 2483 conflatum
676 2435 807 2484 censeo
824 2435 872 2485 ex
889 2412 948 2485 ste
964 2411 1024 2484 vel
1041 2417 1078 2484 sd
1097 2409 1201 2508 (vide
1218 2423 1283 2483 art.
1299 2411 1355 2508 x.)
1375 2411 1481 2504 cedre,
1500 2425 1536 2483 et

142 2527 386 2626 etc(art.x1.).
439 2530 601 2604 Videtur
627 2531 827 2605 secundum
852 2531 981 2605 horum
1009 2531 1112 2604 affine
1139 2554 1216 2603 esse
1243 2529 1347 2603 alteri
1373 2528 1473 2625 quod
1497 2529 1536 2601 in

143 2649 207 2720 titt.
235 2649 401 2723 Fellows.
430 2652 578 2725 obvium
596 2665 660 2740 est,
680 2651 812 2752 puts&
839 2664 1052 2727 conservato
1079 2676 1166 2725 vero
1191 2651 1313 2725 littera
1336 2649 1371 2737 d,
1389 2675 1471 2746 quse
1497 2651 1536 2722 in

144 2767 303 2842 Zendico
322 2793 387 2842 seu
402 2769 597 2844 Pehlavieo
621 2772 857 2868 probabiliter
882 2771 1005 2846 inerat.
1058 2770 1255 2866 Exemplar
1273 2770 1459 2843 Persicum
1479 2781 1536 2842 est

129 2874 199 2990 lfa,
215 2913 356 2962 necnon
359 2874 449 2993 ligo,
464 2891 634 2990 deinceps
651 2893 915 2990 profluentibus
935 2888 1072 2991 ἕτερος,
1091 2895 1175 2970 oder
1193 2908 1230 2968 et
1242 2895 1365 2980 ander,
1379 2895 1482 2970 either
1499 2909 1536 2968 et

141 3007 238 3082 oller.
290 3009 360 3081 His
377 3011 594 3106 praeiverant
608 3014 717 3090 Goth.
731 3016 848 3103 anthr,
875 3016 1076 3116 Anglosart.
1093 3015 1201 3093 oller.

209 3129 340 3202 XVII.
361 3115 530 3208 OEitsuae.
583 3134 845 3232 conjunxerim
872 3163 955 3211 eum
975 3138 1112 3214 Graecis
1140 3132 1323 3240 ἐπιτρίψῃ
1349 3128 1452 3230 αὐτό,
1484 3167 1535 3214 se-

141 3247 299 3321 cundum
321 3249 484 3323 ordinem
513 3253 828 3351 interpretationis.
881 3257 948 3330 Est
974 3257 1125 3331 sortasse
1156 3260 1394 3356 compositum
1421 3260 1532 3359 (conf.

140 3379 202 3440 art
221 3367 308 3466 xv.)
328 3393 377 3442 ex
402 3373 614 3468 pronomine
646 3375 776 3448 suffixo
804 3388 842 3449 et
868 3378 981 3450 verbo
1008 3379 1113 3474 cujus
1143 3379 1277 3453 indicia
1302 3379 1478 3454 habemus
1495 3381 1534 3453 in

140 3487 305 3561 Xanthio
322 3490 523 3580 Fellowsii,
542 3495 617 3567 scil.
636 3496 768 3570 allate:
789 3495 934 3584 buada,
959 3510 997 3572 et
1013 3499 1184 3576 stallae:
1205 3501 1302 3588 itote,
1313 3527 1397 3599 quae
1414 3504 1534 3602 singil-

140 3605 237 3680 latim
265 3607 388 3682 reddit
413 3609 597 3710 Sharpius‚
614 3639 687 3713 any
704 3641 765 3690 one
780 3617 901 3692 adows
914 3633 950 3694 to
968 3621 1065 3720 bury,
1088 3623 1232 3698 another
1253 3623 1378 3700 burins.
1431 3627 1534 3700 Nihil

141 3750 222 3801 sane
243 3729 364 3804 obstat
380 3732 480 3826 quod
506 3733 544 3806 in
568 3749 692 3810 nostro
718 3737 917 3836 praefigitur
935 3745 994 3834 †‚
1011 3741 1123 3839 idque
1136 3743 1272 3818 fatente
1289 3746 1369 3844 ipso
1386 3747 1466 3820 viro
1483 3748 1534 3822 in·

140 3849 295 3943 geniceo,
320 3851 384 3946 qui
409 3853 516 3927 simul
539 3857 719 3952 conjectat
742 3859 834 3934 illud
856 3860 1090 3959 adspirationi
1112 3863 1257 3940 cuidam
1274 3866 1531 3942 inservivisse¹.

178 4081 191 4118 ¹
208 4085 263 4144 Ex.
273 4105 297 4144 c.
312 4086 345 4144 in
357 4087 416 4146 vol.
426 4105 446 4146 1.
459 4109 486 4166 p.
499 4092 565 4152 255.
580 4111 608 4149 n.
619 4094 646 4162 2,
657 4095 685 4150 4.
903 4093 917 4132 ¹
933 4096 1003 4154 vid.
1015 4096 1088 4156 Stel.
1098 4098 1207 4159 Xanth.
1223 4101 1276 4159 col
1287 4119 1305 4160 1.
1321 4121 1348 4160 v.
1360 4105 1407 4162 38.
1423 4111 1454 4161 et
1461 4104 1536 4161 obss.

180 4180 186 4220 ἱ
207 4184 292 4242 Cous.
306 4185 378 4244 ibid
400 4205 428 4262 p.
443 4192 510 4250 225.
529 4209 559 4248 n.
571 4194 598 4249 2.
611 4193 638 4249 3.
648 4194 674 4252 4.
689 4201 719 4250 et
735 4193 811 4252 obss.
864 4193 968 4272 Sharp.
981 4195 1012 4253 in
1025 4215 1053 4274 p.
1063 4199 1131 4256 501.

143 4279 240 4362 stup.
254 4285 286 4344 in
302 4301 333 4342 11.
348 4283 482 4364 Append.
495 4289 529 4347 B.
544 4309 573 4368 p.
584 4293 652 4351 483.
