3994 5242
518 391 530 426 ι

146 494 465 575 ιιιιοι.οαοι.σααιι.]
552 523 561 552 ι
734 487 961 556 OLYMPUS.

750 775 879 852 CCCI.
906 801 935 849 α

209 938 1066 1012 aexsnouxenaexouectonsorentur

209 1052 1474 1125 ΑςκειιολεαῑνιοῖτοιιιγιιιοακΑτεΣκενΑῑΑΝειιικτιι

206 1166 1536 1238 τιιιιογιιακντιιακκσγαιικιτογειιικτιιτονκκιτεκαοιῑ

209 1277 1395 1349 “transportant[rrouotxxatuvmouxstrvnntxox

145 1393 168 1460 5
208 1383 1360 1478 ΑΔεΛοοιῑΑΛΛαΔεογΔεΝιιιοθΑψΑι-τιαιιειικντιι

210 1501 1298 1595 exterrendozrnxaonuosnruzczroretroa

482 1611 730 1706 Λιινιψετκι

141 1773 375 1886 Ἀρχέπολις
392 1776 588 1885 Ἐπύρχον
607 1779 667 1859 καὶ
678 1775 915 1881 Φιλοκράτης
932 1775 1193 1882 Ἀρχεπόλεως
1211 1777 1288 1865 vids
1307 1777 1374 1861 τὸν
1393 1778 1538 1879 τύμβον

144 1910 430 1994 κατεσκεύασαν
447 1909 669 2019 Ἐπικτήτῳ,
702 1913 754 2019 τῷ
778 1905 902 2019 δούλῳ
925 1911 1057 2009 αὐτῶν,
1087 1914 1149 1991 καὶ
1172 1915 1319 2014 γυναικὶ
1346 1921 1412 1992 τοῦ
1429 1910 1536 1993 Ἐπι-

147 2043 286 2146 κτήτου
305 2047 366 2124 καὶ
377 2037 520 2127 τέκνοις
535 2043 595 2121 καὶ
609 2047 795 2145 γαμβροῖς
809 2041 870 2120 καὶ
882 2036 1050 2142 ἐγγόνοις
1064 2041 1125 2120 καὶ
1138 2041 1264 2148 νύμφῃ
1284 2039 1344 2121 καί
1363 2039 1537 2144 γυναικὸς

144 2181 339 2285 ἀδελφοῖς,
370 2177 480 2286 ι’ίλλιρ
511 2173 551 2256 δὲ
585 2176 720 2274 ούδενί,
751 2169 830 2296 ἢθό
863 2171 997 2280 θάψας’
1017 2169 1100 2254 τινὰ
1128 2173 1168 2252 ἐν
1196 2173 1294 2282 αύτῷ
1324 2173 1462 2264 ἐκτίσει
1486 2177 1537 2282 τῳ

145 2311 276 2419 φίσκῳ
303 2307 458 2415 δηνάρια
484 2309 592 2415 χίλια
623 2303 865 2404 πεντακόσια,
893 2299 945 2386 ὧν
974 2308 994 2386 ὃ
1025 2300 1184 2412 ἕλε’γξας
1213 2301 1256 2386 τό
1286 2307 1412 2412 τρίτον
1440 2304 1536 2406 λήμ-

780 2441 906 2543 φεται.

219 2608 413 2705 Descripta
436 2605 608 2679 indidem.
661 2603 905 2702 Epigropham
927 2604 1084 2702 sepulcri
1105 2604 1280 2679 habemus
1298 2604 1397 2703 quod
1414 2606 1534 2680 condi-

144 2727 275 2803 derant
291 2726 510 2824 Arohepolis
536 2739 573 2802 et
597 2725 693 2800 filius
719 2727 798 2822 ejus
815 2727 1039 2802 Philocrates
1063 2727 1103 2800 in
1124 2752 1230 2802 usum
1247 2727 1373 2802 famuli
1389 2727 1535 2801 illorum

144 2847 316 2948 Epicteti,
338 2845 503 2945 conjugis
528 2847 616 2943 ejur,
642 2845 850 2934 liberorum,
875 2871 1101 2944 generorum,
1124 2857 1306 2946 nepotum,
1329 2871 1452 2934 nurus,
1469 2846 1536 2922 fra·

144 2985 314 3066 numque
331 2967 468 3042 uxoris.
520 2969 640 3042 Multa
656 2968 783 3042 aerario
799 2968 993 3066 pendenda
1008 2969 1181 3044 indicitur
1196 2968 1425 3055 violantibus,
1443 2980 1509 3042 ete.

217 3091 384 3167 Additur
405 3091 467 3165 hic
493 3081 618 3191 νύμφη
643 3104 686 3166 ut
711 3087 756 3167 in*
773 3119 899 3192 praegr.
929 3120 962 3168 v.
985 3097 1018 3168 4.
1081 3095 1226 3169 Nomen
1241 3093 1421 3194 Epictetus
1447 3095 1535 3169 alibi

142 3214 238 3287 inter
255 3212 370 3311 Lycia
390 3211 538 3286 obvium
562 3225 627 3306 est,
645 3237 702 3287 ex.
717 3238 746 3288 c.
763 3214 802 3288 in
818 3215 948 3289 Franz.
966 3241 1025 3289 nn.
1046 3217 1155 3290 4303.
1172 3215 1207 3314 s.
1226 3215 1257 3288 Ῑι.
1308 3213 1533 3290 Philocrates

143 3331 222 3408 infr.
243 3353 363 3410 occur

732 3529 885 3608 CCCII.
912 3531 947 3606 d.

145 3711 304 3820 Μάρκος
321 3712 509 3818 Αὐρήλιος
528 3711 743 3819 Δημήτριος
755 3707 959 3799 Ὀτλωνος
987 3721 1054 3796 τοῦ
1077 3715 1271 3820 Δημητρία
1278 3751 1311 3813 ν,
1332 3715 1530 3820 Ὀλυμπη-

144 3843 219 3944 νός,
238 3843 307 3928 τὸν
325 3843 471 3946 τύμβον
489 3843 764 3927 κατεσκεύασεν
783 3847 899 3954 ἑαυτῷ
928 3849 988 3928 καὶ
1016 3849 1063 3953 τῇ
1091 3846 1240 3950 γυναικί
1263 3882 1337 3949 μον
1356 3850 1530 3960 Αύρηλίρ

144 3980 301 4087 Ζωσίμη
325 3975 497 4079 Εὐνόμου
525 3977 617 4084 τρίς,
636 3975 876 4084 Ὀλυμπηνῇ,
896 3979 957 4060 καὶ
976 3973 1117 4062 τέκνοις
1136 3981 1197 4058 καὶ
1216 3975 1397 4083 ἐγγόνοις·
1419 3975 1531 4091 ἑτέρῳ

144 4111 183 4192 δὲ
210 4113 343 4214 μηδενὶ
370 4106 459 4216 ἐξὸν
487 4105 578 4190 εἶναι
607 4109 832 4213 ε’γκηδεῦσαί
856 4143 951 4206 τινα,
980 4110 1058 4188 ἐπεὶ
1087 4109 1108 4188 ὃ
1135 4107 1366 4210 βιασάμενος
1393 4113 1531 4194 ἐκτίσει

143 4237 295 4352 epioe&
312 4240 516 4351 Ἡφαίστῳ
544 4239 700 4346 δηνάρια
728 4237 918 4344 δισμύρια,
948 4233 1000 4321 ὧν
1028 4242 1049 4320 δ
1077 4233 1239 4346 ἐλέγξας
1266 4239 1457 4347 λήμψεται
1485 4242 1529 4326 τὸ

766 4372 904 4480 τρίτον.
