3994 5242
457 517 497 580 22
866 507 1220 578 INSORIPTIONES
1243 507 1436 576 GRAEOAE.
1591 509 1847 596 [mecaccuvr.

454 699 582 802 πείρω,
601 696 737 800 πορέω,
756 693 894 800 reptio,
914 692 1089 798 περαίνω,
1108 691 1269 796 πέρνημι
1286 700 1414 798 (supra
1430 699 1546 797 dict),
1563 700 1729 796 interque
1743 725 1848 773 vocu-

456 831 518 916 las,
535 819 623 926 πρό,
643 821 744 925 πρίν.
798 825 975 898 Pauciora
990 823 1089 912 haec;
1109 823 1194 896 satis
1211 848 1298 897 vero
1315 824 1498 898 illustrant
1514 825 1614 898 vocis
1632 826 1754 923 Lyciae
1771 849 1849 923 pro

457 950 601 1048 sapiam,
619 949 724 1043 cujus
742 969 885 1018 sensum
903 944 1019 1016 multo
1036 943 1144 1016 latius
1165 943 1323 1040 patuisse
1344 967 1453 1040 quam
1478 968 1527 1017 ex
1544 944 1848 1020 monimentorum

457 1069 588 1168 pusilla
607 1069 711 1166 copia
728 1067 939 1163 dignoscere
958 1087 1069 1158 queas
1085 1061 1241 1136 fidenter
1258 1062 1423 1136 dixerim.

534 1187 792 1264 Observabunt
801 1185 963 1281 legentes
976 1181 1076 1254 hunc
1086 1206 1231 1254 versum
1245 1181 1283 1254 in
1297 1180 1514 1276 quibusdam
1527 1181 1642 1256 titulis
1654 1183 1849 1276 variatum3
1981 1154 1984 1193 ³

460 1332 516 1382 ex.
530 1331 560 1380 c.
579 1307 617 1378 in
635 1303 840 1402 Limyrensi
866 1301 966 1400 (infr.
984 1301 1235 1396 cccxxxvm.)
1256 1305 1395 1376 event:
1415 1300 1611 1398 erdscizetct⁸
1636 1301 1739 1401 (vide
1769 1303 1849 1378 inlr.

458 1429 555 1502 artic.
574 1426 657 1520 xv.)
677 1437 714 1498 et
730 1421 858 1498 leuiori
878 1425 972 1522 popu
996 1421 1176 1522 (porffll.
1228 1424 1317 1496 Erat
1339 1419 1490 1494 sortasse
1508 1420 1578 1496 hoc
1597 1425 1689 1522 φορά
1706 1423 1852 1498 dialecti
1985 1433 1986 1439 ’

457 1551 587 1648 proles,
606 1562 643 1622 at
659 1549 822 1624 firmatur
835 1547 1114 1647 posuaPersico
1132 1560 1169 1619 et
1182 1547 1343 1620 Arabico
1351 1531 1412 1652 17(
1412 1603 1419 1632 ‚
1442 1545 1646 1645 sepulerum,
1670 1549 1853 1624 monimen·

458 1687 541 1758 tum,
557 1671 656 1769 quod
672 1672 710 1743 in
727 1670 860 1768 linguis
878 1668 1030 1744 vetustis
1047 1668 1250 1742 constitisse
1264 1665 1438 1740 credibile
1456 1677 1520 1739 est.

534 1795 660 1870 Redeo
673 1821 770 1869 nunc
781 1793 1039 1869 adversionem
1054 1782 1264 1889 ἠργάσατο.
1308 1792 1438 1866 Rarius
1450 1792 1531 1878 hoc,
1545 1804 1633 1866 utet
1646 1783 1853 1885 ἐποιήσατο

458 1923 497 1993 in
508 1921 722 2019 Limyrensi‚
733 1945 845 2016 quum
860 1919 1043 1993 solennius
1056 1916 1166 1990 fuerit
1176 1907 1453 1990 κατεσκεύασεν
1462 1917 1522 1990 vel
1534 1907 1852 1991 κατεσκευάσατο.

458 2040 605 2114 Exinde
623 2040 819 2136 conjeceris
836 2039 950 2137 Lycia
966 2039 1066 2137 prius
1083 2037 1194 2110 fuisse
1212 2048 1392 2124 contexta,
1411 2037 1542 2111 deinde
1561 2039 1758 2133 subjectam
1777 2063 1855 2112 ver·

459 2161 596 2234 sionem
616 2160 780 2236 Graecam
807 2185 889 2234 oum
907 2160 1019 2233 verbo
1045 2157 1144 2254 quod
1162 2157 1316 2256 Lycium
1336 2156 1528 2257 pmndsdtu
1544 2157 1658 2253 magis
1676 2156 1722 2229 ad
1739 2181 1855 2230 amus-

460 2281 525 2352 sim
545 2278 724 2353 efferebat.
777 2279 952 2351 Attamen
974 2278 1013 2350 in
1032 2275 1171 2352 Graecis
1196 2276 1437 2374 singularibus
1460 2275 1679 2372 quandoque
1703 2277 1852 2350 obvium

459 2405 640 2480 cernimus
658 2393 883 2501 vipyoioard.

535 2529 583 2601 V.
615 2502 831 2600 [latronam.
884 2521 968 2594 Hoc
981 2518 1203 2594 efferendum
1222 2519 1367 2594 videtur
1382 2519 1597 2606 aittdwbeliru
1615 2547 1756 2620 nempe,
1770 2549 1855 2598 cum

462 2648 705 2748 adspiratione
719 2642 880 2718 sensibili
897 2642 935 2714 in
952 2640 1070 2736 primo
1092 2647 1151 2732 ψ,
1169 2639 1263 2712 sicut
1283 2650 1389 2712 antea
1404 2640 1617 2714 notavimus.
1660 2641 1855 2718 Cernimus

460 2798 605 2870 quoque
623 2773 661 2844 in
679 2794 723 2842 eo
740 2766 966 2865 probabilem
986 2763 1276 2838 convenientiam
1302 2789 1384 2839 oum
1404 2767 1533 2842 Graeco
1550 2755 1854 2866 Ἀντιφελλίτης.

460 2895 642 2968 Nimirum
661 2893 840 2989 scriptura
858 2890 987 2966 Graeca
1003 2889 1159 2962 nominis
1176 2889 1278 2962 urbis
1295 2890 1425 2964 vicinae
1441 2902 1520 2964 erat
1537 2880 1695 2970 Φελλόςι
1715 2917 1763 2966 ex
1780 2917 1855 2988 quo

460 3032 580 3122 ortum
595 3008 847 3116 Ἀντίφελλος
863 3014 1099 3088 mutationem
1125 3013 1164 3084 in
1189 3013 1306 3110 capite
1324 3015 1483 3088 vicissim
1500 3016 1546 3089 ab
1563 3015 1743 3114 indigenis
1761 3019 1856 3092 subi·

460 3147 542 3236 bat3
569 3143 679 3218 oredo
706 3143 801 3215 enim
828 3152 992 3214 constare
1019 3138 1119 3235 quod
1135 3141 1211 3212 aaa
1237 3151 1316 3212 erat
1341 3134 1423 3212 ἀντὶ
1450 3165 1516 3238 pro
1539 3141 1662 3216 indole
1680 3144 1855 3216 sermonis

461 3266 646 3340 vernaculi
672 3265 860 3338 variatum.
914 3261 1090 3337 Constare
1117 3284 1227 3359 porro
1254 3260 1401 3334 videtur
1429 3287 1581 3358 eaquae
1609 3264 1647 3336 in
1673 3265 1855 3360 prioribus

461 3388 585 3461 notavi
607 3385 653 3460 de
673 3387 711 3458 vi
732 3385 937 3482 adspirante
964 3382 1079 3456 literae
1099 3388 1141 3473 -l-
1160 3381 1354 3454 maximam
1386 3381 1505 3456 lucem
1532 3383 1688 3456 fenerari
1711 3409 1760 3458 ex
1787 3384 1855 3460 hac

462 3509 672 3586 Graecorum
701 3506 904 3603 scriptione.
956 3503 1138 3576 Ponamur
1168 3501 1255 3574 licet
1282 3527 1414 3576 nomen
1440 3506 1541 3580 urbis
1566 3509 1729 3604 ¹antiquae
1759 3511 1855 3584 inter

461 3629 595 3726 Lycios
619 3626 729 3700 fuisse
752 3627 913 3726 -1-ᾼΛᾼ
942 3623 1002 3696 vel
1030 3623 1237 3721 ‘limi’
1263 3621 1361 3695 unde
1385 3624 1534 3699 Graecos
1556 3625 1724 3704 habuisse
1748 3655 1854 3704 suum

463 3741 599 3830 Ρελλός
615 3752 675 3825 vel
692 3739 854 3826 Φελλός.
913 3749 996 3820 Hoc
1019 3745 1121 3820 nullo
1138 3745 1209 3818 alio
1226 3758 1332 3842 pacto
1348 3749 1605 3846 explicandum
1623 3751 1769 3827 videtur
1785 3755 1854 3830 nisi

504 4013 592 4071 ⁸Scil
599 4011 772 4071 emendante
781 4009 981 4088 apographum
989 4008 1136 4067 Fellowsii
1186 4011 1213 4072 9.
1229 4009 1271 4066 12.
1290 4011 1332 4067 14.
1352 4013 1394 4071 15.
1412 4013 1454 4075 19.
1470 4015 1516 4071 20.
1531 4015 1578 4070 21.
1593 4015 1639 4072 22.

462 4111 594 4189 Sharpio‚
604 4112 657 4169 ubi
667 4129 746 4186 supr.
758 4113 858 4186 p.473.
891 4109 940 4167 Sic
949 4117 979 4166 et
987 4107 1135 4184 exernplar
1229 4110 1243 4139 ¹¹
1259 4107 1340 4166 Conf.
1350 4109 1453 4168 Franz.
1463 4111 1514 4188 (ex
1522 4111 1719 4190 Schiinbom.)
1728 4135 1756 4171 n.
1766 4119 1855 4178 4315.

463 4213 575 4289 Spratt.
589 4219 620 4269 et
634 4211 751 4268 Forbes.
765 4209 822 4266 vol.
832 4225 861 4265 ιι.
875 4227 902 4284 p.
913 4209 979 4268 210.
994 4225 1023 4263 n.
1038 4209 1061 4264 l.
1183 4211 1213 4268 b.

505 4309 513 4336 ¹
535 4308 613 4369 Vide
627 4308 759 4367 Fellows.
779 4307 838 4365 tab.
850 4303 896 4366 36.
917 4324 967 4362 nn.
982 4305 1010 4363 2.
1024 4306 1051 4362 4.
1065 4309 1093 4365 5.
1106 4305 1135 4368 7.
