3918 5240
460 517 502 582 94
895 516 946 582 IN
948 515 1248 585 SCRIPTIONES
1270 517 1461 584 GRAECAE.
1603 519 1848 606 [ruscaoccxn.

536 703 729 800 Descripta
746 702 793 776 de
811 701 1012 800 fragmento
1029 700 1160 798 lapidis
1176 701 1292 799 (basis
1302 699 1338 801 7)
1357 700 1457 798 quod
1473 701 1512 776 in
1528 703 1703 800 parietem
1722 701 1850 779 domus

459 827 498 898 in
526 826 608 898 vico
637 822 773 898 Koadlc
802 821 882 920 (vel
910 820 1060 920 Grinzik)
1086 821 1262 895 insertum
1291 821 1418 895 suerat.
1480 822 1605 898 Posita
1630 839 1851 900 memoratur

462 945 644 1045 (statual)
676 947 714 1019 in
742 945 917 1018 honorem
946 945 1146 1038 Ptolemaei,
1175 944 1242 1018 filii
1269 946 1389 1039 dubae,
1419 970 1440 1018 a
1473 946 1644 1020 societate
1677 945 1851 1021 foederata

461 1067 666 1166 Lyciorum

536 1185 658 1262 Video
671 1183 809 1258 editum
827 1208 876 1256 ex
893 1208 1012 1281 apogr.
1029 1182 1270 1260 Schsnbornii
1283 1181 1455 1258 aFranz.¹¹
1510 1183 1595 1259 Sola
1608 1183 1849 1283 discrepantia

460 1319 515 1380 est
531 1307 726 1381 admissum
746 1311 887 1381 ΙΟΒΑΣ
904 1307 942 1378 in
955 1331 990 1378 v.
1006 1309 1038 1379 2.
1061 1304 1161 1401 quod
1177 1303 1264 1379 fidei
1281 1306 1468 1379 marmoris
1485 1306 1708 1380 adversatur.
1761 1306 1850 1382 Ideo

460 1450 726 1524 supervacanea
741 1439 798 1502 est
814 1426 913 1500 docti
930 1427 999 1499 viri
1016 1425 1061 1500 ad
1079 1426 1177 1500 hunc
1194 1452 1340 1500 versum
1357 1426 1461 1502 nota¹.

536 1548 672 1645 Agitur
698 1546 758 1622 hic
782 1547 985 1620 luculenter
1001 1545 1047 1622 de
1067 1548 1275 1634 Ptolemaeo,
1293 1573 1378 1647 rege
1396 1549 1634 1636 Mauritaniae,
1659 1550 1726 1644 qui
1746 1575 1850 1648 opem

460 1669 552 1742 adeo
578 1669 753 1766 insignem
782 1668 982 1741 Dolabellae
1007 1669 1176 1742 attulerat
1201 1669 1373 1767 flagrante
1396 1670 1494 1743 hello
1511 1695 1594 1744 cum
1613 1668 1850 1757 Tacfarinate,

462 1801 682 1887 quapropter
708 1787 851 1861 laudem
877 1813 960 1860 enm
986 1787 1233 1886 honoremque
1253 1790 1299 1862 ab
1317 1791 1540 1888 Imperatore
1560 1791 1710 1864 Tiberio
1728 1802 1767 1864 et
1793 1791 1851 1867 se-

462 1925 551 1984 natu
581 1905 776 1982 meritum¹¹.
841 1905 948 1982 Circa
980 1905 1051 1980 hoc
1080 1919 1223 2005 tempus
1252 1907 1468 1982 crediderim
1504 1909 1651 1982 titulum
1686 1921 1849 1984 nostrum

461 2030 571 2104 fuisse
588 2027 838 2124 compositum,
856 2049 996 2122 nempe,
1017 2025 1063 2100 U.
1077 2025 1121 2100 C.
1142 2029 1223 2098 777.
1242 2051 1337 2100 anno
1355 2027 1459 2100 salut.
1475 2030 1533 2100 24.

502 2227 514 2264 l
530 2229 591 2286 Ubi
604 2249 682 2305 supr.
696 2249 725 2306 p.
739 2231 803 2288 148.
817 2249 845 2286 n.
854 2227 940 2293 4269.
951 2229 975 2286 5.
1179 2233 1325 2307 scipiones
1345 2231 1484 2298 adernam,
1504 2239 1595 2306 tapam
1609 2231 1723 2305 prisma,
1738 2233 1850 2310 amiqua

504 2335 509 2368 ¹
530 2328 647 2386 Franzii
659 2330 749 2386 verba
769 2329 800 2386 in
819 2329 874 2386 hac
887 2338 956 2386 nota
969 2347 1073 2405 parum
1086 2329 1130 2386 in·
1175 2339 1290 2404 pertram
1309 2347 1430 2398 munera,
1445 2331 1531 2398 dara,
1547 2349 1687 2407 repensque
1707 2341 1732 2388 et
1751 2334 1851 2390 maiam

463 2428 582 2503 telligo:
609 2427 738 2485 Eundem
756 2427 929 2484 Ptoterroeam
948 2427 1028 2486 Judoe
1039 2427 1133 2501 filium
1180 2439 1260 2504 atqua
1278 2430 1395 2486 amicum
1414 2428 1569 2504 adpellare,
1610 2429 1695 2487 Cons·
1709 2449 1791 2508 cepp.
1805 2435 1850 2490 23.

461 2536 551 2584 uana
564 2526 736 2608 lonmcgunt
746 2527 925 2597 Athenienses,
941 2529 1032 2585 citato
1047 2529 1131 2604 Corp.
1181 2529 1229 2583 24.
1270 2527 1314 2585 De
1327 2535 1475 2586 vetustate
1494 2547 1650 2586 munerum
1670 2529 1707 2588 cf.
1720 2529 1851 2590 Halicar-

462 2625 552 2683 lusor.
565 2623 676 2683 Biiclrh.
687 2625 743 2682 vol.
753 2641 771 2682 1.
786 2644 815 2682 n.
826 2621 892 2684 360.
933 2626 1020 2683 Certe
1034 2625 1131 2683 Ptole-
1181 2643 1255 2682 nass.
1279 2640 1309 2680 v.
1326 2627 1374 2684 35.
1395 2633 1425 2683 et
1449 2626 1513 2684 Liv.
1536 2642 1606 2682 xxx.
1623 2629 1668 2686 15.
1693 2645 1763 2686 cum
1784 2639 1852 2686 note

462 2743 552 2782 maus
572 2723 623 2799 qui
644 2723 674 2780 in
688 2723 742 2780 hac
755 2733 936 2780 memoretur
949 2725 1052 2799 nequit
1065 2743 1132 2781 oum
1181 2721 1329 2780 Drakenb.
1384 2723 1532 2792 Ceterum,
1561 2733 1597 2781 ut
1623 2724 1720 2782 obiter
1747 2725 1850 2794 dicam,

461 2829 561 2878 nostro
574 2819 649 2877 idem
664 2837 724 2876 esse
743 2819 801 2876 nisi
813 2837 953 2895 ponamus
967 2819 997 2876 in
1011 2837 1132 2876 avorum
1180 2819 1238 2878 fide
1256 2840 1446 2880 nummorum
1465 2823 1621 2899 insigniter
1635 2825 1852 2900 comprobatam

460 2922 526 2996 ejus
539 2919 841 2978 numeroPtolemoeos
855 2921 1026 2998 111.et(oui
1039 2929 1133 2995 nupta
1180 2918 1255 2977 hanc
1275 2921 1470 2978 narrationem
1496 2921 1630 2980 historici
1655 2920 1799 2982 habemus
1821 2925 1852 2981 in

461 3021 558 3078 fuerat
571 3019 725 3096 Cleopatra
738 3017 877 3095 Antonii)
897 3035 961 3076 xrrr.
1001 3018 1058 3076 Sed
1078 3018 1133 3076 hoc
1181 3017 1526 3094 Eckhel1v.p.160.a
1580 3021 1707 3078 Moneta
1727 3022 1852 3080 alterius

461 3119 581 3177 minime
613 3117 797 3193 probandum
837 3117 982 3174 existimo.
1038 3117 1133 3193 Magis
1180 3115 1346 3172 testimonio
1365 3115 1487 3174 innixus
1509 3117 1633 3192 conjecit
1655 3137 1683 3176 v.
1703 3118 1731 3176 d.
1754 3119 1852 3178 Ptole·

460 3219 549 3276 etiam
569 3218 659 3274 miror
679 3216 879 3274 doctissimum
893 3217 1060 3275 Biiclrhium
1080 3218 1133 3293 qui
1180 3231 1285 3271 maeum
1308 3213 1413 3272 adiisse
1434 3215 1590 3292 imperium
1610 3235 1678 3274 cum
1696 3225 1782 3293 patre
1794 3217 1852 3276 col·

463 3317 618 3375 Ptolemaeo
644 3315 732 3374 lubae
758 3316 837 3392 patri
862 3325 997 3392 nepotem
1023 3315 1133 3374 tribuit
1179 3312 1274 3390 legam
1299 3313 1458 3390 superstite
1481 3314 1577 3373 adhuc
1603 3317 1764 3392 Augusto:
1799 3317 1852 3374 ubi

461 3415 660 3492 cognominem
683 3413 865 3490 eundemque
890 3434 958 3472 cum
984 3433 1053 3490 rege
1081 3415 1132 3490 qui
1180 3431 1277 3489 supra,
1292 3411 1316 3470 d.
1558 3403 1562 3410 ’

462 3515 629 3592 aCaligula
646 3523 815 3591 peremptus
836 3523 888 3571 est.
930 3514 1073 3589 Sequitur
1096 3523 1133 3570 ut
1221 3510 1369 3569 Saevitiam
1390 3511 1540 3589 Caligula,
1562 3513 1648 3588 cujus
1668 3522 1732 3571 erat
1752 3533 1852 3572 conso·

461 3615 497 3673 ad
521 3614 692 3672 Ptolemaeos
714 3611 853 3688 quosdam
873 3613 1003 3670 diversos
1026 3613 1132 3670 alium·
1179 3611 1292 3682 brinno,
1317 3621 1458 3688 expertus
1481 3621 1526 3669 est
1544 3611 1731 3688 postmodum
1752 3612 1852 3672 Ptole-

461 3733 519 3789 que
551 3713 661 3770 dubam
694 3719 806 3770 nosmet
837 3720 1041 3770 convertamus
1074 3731 1132 3788 quo
1179 3729 1269 3768 maus
1290 3731 1307 3768 a
1326 3721 1453 3788 tyranno
1466 3711 1678 3788 interemptus:
1698 3709 1763 3780 hoo,
1783 3729 1851 3770 nar-

460 3807 585 3866 titulum
600 3807 810 3866 Atheniensem
828 3807 986 3866 habeamus
1005 3809 1132 3885 explica·
1179 3819 1263 3868 rante
1275 3809 1423 3879 Suetonio,
1445 3819 1566 3886 propter
1579 3809 1680 3867 abolla
1694 3829 1851 3888 purpureae

461 3915 535 3962 tum.
559 3904 671 3961 Utrum
684 3923 855 3962 succurrere
868 3905 959 3980 possit
974 3903 1132 3963 Pausanias
1178 3911 1323 3986 fulgorem
1349 3909 1385 3968 ad
1412 3911 1509 3986 ipsum
1536 3909 1731 3986 spectantium
1752 3911 1852 3968 oculos

462 4005 492 4061 in
503 4020 521 4059 1.
535 4001 577 4064 17.
589 4005 615 4060 2.
629 4021 729 4070 necne,
744 4003 878 4079 ignorare
891 4021 937 4060 me
951 4004 1052 4062 fateor.
1178 4019 1411 4078 convertentem
1429 4007 1516 4084 Cala.
1527 4025 1612 4066 xxvi.
1622 4025 1717 4065 xxxv.
1746 4009 1852 4067 rtundit

500 4103 515 4140 ¹
531 4103 621 4160 Tacit
643 4103 750 4159 Annal
770 4119 811 4162 ιν.
830 4101 876 4162 26.
890 4113 967 4162 extr.
1011 4103 1132 4180 Cognito
1179 4109 1244 4176 Dio,
1259 4109 1296 4166 ob
1309 4107 1437 4176 divitias,
1452 4106 1530 4184 qnod
1549 4106 1648 4165 verius
1668 4105 1851 4165 crediderim.

461 4201 559 4260 dehinc
579 4220 632 4276 per
652 4201 683 4258 id
703 4201 798 4259 bellam
823 4203 929 4271 madiis,
950 4204 1076 4278 repuens
1100 4225 1131 4262 et
1179 4207 1223 4266 cf.
1235 4223 1294 4264 mx.
1309 4211 1356 4266 25.
1371 4205 1435 4263 init

461 4311 558 4360 vaano
577 4319 642 4371 mos,
664 4301 810 4376 memque
832 4319 865 4359 er
884 4302 1063 4362 Senatoridus
1083 4307 1133 4380 qui
