3918 5240
439 485 500 547 112
802 477 1827 570 INSGRIPTIONESGRAEOAE.[msoe.occxx1n.cccxx1v.
1937 496 1942 516 ²

439 667 656 770 ὀστοθήκην
678 672 728 752 εἷς
748 663 816 768 τὴν
836 664 933 747 ἰδίαν
951 663 1109 770 γυναῖκά
1129 701 1203 768 μου
1221 664 1404 768 Ἰωτάπην
1423 667 1484 747 καὶ
1503 665 1680 749 τὰτέκνα
1694 712 1827 728 ······

482 805 543 882 καὶ
563 797 840 903 Μνημοσύνην,
861 801 1002 885 εὐνοίας
1022 801 1144 882 ἕνεκεν
1162 803 1223 881 καὶ
1243 797 1520 907 φιλοστοργίας
1539 805 1606 901 τῆς
1625 806 1676 886 εἰς
1695 799 1799 881 αὐτά.

515 993 707 1090 Descripta
722 991 835 1066 hebui
848 990 894 1064 de
907 989 1083 1088 fragmine
1100 987 1213 1063 loculi
1230 985 1440 1084 sepulcralis
1458 987 1495 1059 in
1512 986 1687 1084 parietem
1705 987 1829 1061 domus

442 1117 608 1190 Tureieae
634 1113 798 1187 indidem
824 1111 994 1186 immisso.
1045 1110 1240 1185 Eminebat
1266 1132 1374 1206 supro
1399 1119 1546 1181 ornatus
1573 1107 1751 1206 sculptilis
1776 1133 1830 1180 ex-

444 1249 552 1322 stans,
573 1258 682 1333 quem
700 1259 788 1308 vero
805 1257 889 1307 oum
915 1232 1013 1306 tituli
1036 1231 1149 1330 ipsius
1174 1229 1304 1304 litteris
1329 1228 1424 1327 ignis
1450 1226 1644 1325 aliquando
1669 1225 1830 1300 admotus

444 1356 535 1431 adeo
553 1357 801 1452 absumpserat
817 1366 859 1428 ut
876 1353 922 1427 de
940 1377 1049 1427 sensu
1061 1350 1275 1426 extricando
1291 1350 1374 1448 plus
1392 1349 1504 1423 semel
1520 1348 1796 1446 desperaverim.

518 1477 730 1574 Composita
751 1473 870 1548 fueret
889 1471 1077 1568 inscriptio
1102 1469 1149 1544 ed
1173 1493 1337 1542 normam
1363 1467 1616 1564 sepulcmlium
1643 1467 1760 1564 qualis
1776 1479 1827 1540 est

443 1597 682 1672 Fellowsiene
707 1621 728 1669 e
756 1593 910 1668 Franzio
939 1591 1038 1665 edite
1065 1591 1105 1664 in
1138 1617 1172 1664 n.
1195 1591 1305 1663 4242.
1368 1589 1501 1664 Amori
1529 1613 1616 1686 erge
1644 1589 1831 1686 conjugem

444 1721 595 1816 Iotapen
613 1729 651 1791 et
666 1715 781 1789 filium
797 1714 983 1810 filiamque
996 1713 1260 1811 Mnemosynen
1271 1711 1494 1807 obsequutus
1508 1708 1727 1783 Ptolemaeus
1739 1710 1832 1782 Xen-

444 1842 552 1928 thius‚
570 1840 634 1935 qui
651 1849 689 1911 et
704 1835 868 1911 Zosimus
884 1834 1035 1922 audivit,
1060 1833 1235 1908 osserium
1252 1833 1290 1906 in
1307 1831 1453 1905 illorum
1475 1835 1831 1928 usum'reparevernt

444 1963 591 2037 Nomen
608 1959 720 2057 petris
734 1956 932 2046 Ptolemaei,
948 1953 1049 2052 quod
1062 1979 1111 2030 ex
1126 1953 1284 2028 formula
1301 1951 1441 2026 solenni
1457 1935 1694 2024 memoratum
1711 1948 1832 2036 fueret,

447 2082 594 2155 omnino
612 2078 813 2154 effluxerat.

513 2203 570 2276 De
582 2201 758 2299 scripture
773 2201 812 2272 in
823 2223 854 2271 v.
870 2201 904 2272 2.
917 2211 1019 2284 exte,
1034 2219 1116 2292 quae
1129 2196 1205 2270 sine
1217 2193 1330 2268 dubio
1342 2202 1420 2266 eret
1430 2195 1832 2276 ΑΝΑΙΝΕωΟΑΜΗΝ,

447 2319 540 2396 conf.
558 2321 658 2393 Feso.
671 2341 710 2392 11.
729 2343 788 2392 nn.
803 2339 889 2391 κον.
905 2337 1045 2391 ccxxn.

988 2619 1241 2696 cccxxiv.
1267 2647 1302 2694 n.

651 2779 984 2850 ΓΙΟΣΕΙΔΩΝΙΟΣ
1363 2767 1627 2853 Ποσειδώνιον.

523 2937 756 3033 Descriptum
773 2937 886 3011 hebui
903 2936 949 3012 de
965 2935 1121 3011 frustulo
1135 2959 1335 3012 marmoreo
1346 2940 1441 3014 inter
1456 2940 1650 3038 parietinas
1667 2939 1836 3011 moenium

450 3054 706 3129 Xanthiorum.
743 3057 949 3132 Indicatum
960 3057 1110 3132 fortasse
1124 3055 1300 3133 hebemus
1314 3059 1428 3134 sedile
1438 3059 1614 3134 theatrale
1625 3057 1836 3143 Posidonii,

449 3175 510 3248 vel
527 3175 752 3272 sepulcrum
778 3176 869 3251 coni
890 3178 1017 3251 Franz.
1037 3200 1070 3248 n.
1082 3176 1191 3248 4231.

490 3377 504 3406 ¹¹
520 3369 602 3428 Gonf.
621 3370 701 3429 Fese
715 3387 747 3428 11.
763 3386 866 3430 ooxm.
908 3369 966 3430 Sed
985 3379 1017 3430 et
1037 3369 1121 3430 selles
1169 3379 1234 3432 tere
1254 3381 1279 3430 Φ
1296 3371 1414 3432 modulo
1433 3372 1610 3452 pregrandi.
1650 3373 1723 3432 Eret
1737 3391 1838 3450 nempe
1954 3387 1955 3424 t

448 3490 514 3530 suos
527 3488 701 3529 marmoreos
714 3471 941 3529 consuescebant
948 3479 1062 3530 veteres
1071 3470 1121 3529 de-
1169 3472 1344 3550 possidentis
1369 3491 1474 3532 nomen
1498 3470 1669 3552 Φιλοκςίης,
1693 3481 1747 3531 sut
1769 3471 1839 3550 quid

449 3569 767 3648 signereenominibus
775 3569 994 3646 possidentium,
1010 3570 1057 3630 vel
1065 3569 1120 3628 sel·
1170 3571 1272 3632 simile.
1313 3573 1432 3641 Contra,
1451 3571 1483 3630 in
1502 3571 1708 3631 Theetmlibus
1730 3581 1839 3650 prosta-
1954 3537 1955 3608 i

449 3679 510 3728 tem
532 3667 640 3726 litteris
665 3666 773 3726 horum
797 3668 978 3742 ineuntibus,
1005 3668 1037 3726 in
1062 3669 1121 3726 imo
1169 3671 1370 3732 bentnomine
1388 3671 1473 3748 plene
1491 3671 1647 3749 insculpto,
1668 3671 1840 3748 quandoque
1954 3679 1955 3748 J

450 3766 708 3846 perteinsoulptis
1169 3789 1238 3830 oum
1264 3771 1462 3848 designatione
1483 3770 1615 3846 adjectu
1645 3770 1701 3830 hoo
1722 3770 1839 3830 honoris
1954 3755 1955 3832 J

490 3865 613 3924 Memini
648 3865 727 3924 inter
762 3863 871 3924 rudere
896 3862 1121 3943 Aphrodisiedis
1169 3889 1239 3949 ergo
1251 3871 1299 3930 vel
1311 3879 1348 3929 ut
1360 3879 1496 3930 tenentur
1508 3869 1660 3930 distinctio
1673 3889 1767 3948 quum
1776 3870 1839 3948 plu·
1954 3899 1955 3904 κ

450 3966 540 4024 unius
553 3973 617 4022 erte
628 3965 781 4041 prestanti
793 3965 948 4023 elaborate
956 3983 1021 4041 que
1035 3963 1123 4022 etiem
1172 3986 1219 4026 res
1241 3967 1353 4026 fuerint
1376 3967 1568 4045 cognomines.
1610 3968 1694 4028 conf.
1717 3969 1787 4028 Fesc
1808 3983 1838 4024 11.
1954 3997 1955 4038 t

452 4082 531 4122 nuno
553 4071 687 4122 servetur
707 4064 738 4120 in
761 4065 838 4122 otrio
857 4063 963 4122 edium
986 4063 1123 4123 Prefeoti
1172 4067 1226 4126 nbi
1239 4086 1318 4144 supr.
1333 4075 1363 4127 et
1376 4085 1405 4124 n.
1419 4083 1505 4125 nxxi.

451 4160 551 4239 oppidi
563 4154 638 4241 (lii),
653 4161 684 4219 in
697 4162 783 4238 eujus
802 4162 893 4222 fundo
913 4161 1050 4241 apperuit
1069 4161 1118 4220 lit-
