3994 5242
138 521 378 612 nasonooxcv]
733 612 736 621 Ι
761 523 906 590 MYRA.
1483 527 1524 592 65

138 715 209 786 suis
225 712 384 810 integris.
424 709 497 786 Sed
510 711 547 784 in
565 711 693 784 ultimo
711 736 819 809 supra
832 713 917 786 dato
932 712 1060 786 haereo
1090 712 1217 787 Prodit
1228 737 1276 786 ex
1290 737 1408 812 apogr.
1422 715 1524 787 Rosa.

138 829 444 934 ἁποτετραμμένα
468 837 526 909 vel
552 823 857 932 ἀποτετριμμένα.
918 838 1090 910 Nostrum
1119 837 1217 911 favet
1243 839 1355 936 magis
1379 839 1525 912 lectioni

138 949 442 1059 ἀποπεπραμὲνα.
500 960 598 1054 Quid
625 961 695 1032 sibi
717 960 831 1032 velint
860 960 980 1058 priora
1006 962 1169 1058 profecto
1186 963 1318 1054 nescio,
1337 977 1457 1035 utrum
1480 964 1527 1035 sit

137 1083 175 1156 in
186 1087 320 1184 starum
348 1081 499 1164 redacta,
517 1079 576 1152 vel
604 1078 722 1164 etiam,
739 1077 891 1165 amolita,
918 1077 1050 1152 solumi
1103 1081 1147 1152 In
1170 1105 1290 1152 meum
1316 1079 1526 1176 propendeo

138 1203 185 1276 ob
214 1201 328 1274 verba
360 1199 398 1271 in
432 1197 549 1294 capite
583 1197 681 1269 tituli
711 1221 792 1293 quae
822 1207 861 1268 et
889 1195 1181 1269 confiscationem
1208 1197 1343 1295 navigii
1376 1198 1527 1270 innuere

136 1326 274 1422 possint
297 1335 334 1396 et
361 1317 595 1418 supellectilis
619 1317 709 1412 ejus.
761 1316 806 1388 In
835 1327 971 1408 nostro
998 1313 1098 1408 quod
1126 1315 1165 1387 in
1195 1314 1406 1388 minusculis
1430 1314 1527 1396 dedi,

136 1435 310 1545 γέμοντα,
338 1445 484 1518 videtur
513 1443 603 1516 mihi
634 1443 719 1514 satis
749 1443 938 1513 constareu.
1009 1439 1133 1537 Pergit
1163 1443 1203 1514 R.
1232 1439 1270 1512 in
1300 1465 1357 1514 vv.
1392 1443 1524 1513 10-16.

136 1566 1529 1642 ΑΝΕΓΝΧΘΦΙΣΗΟΗΝΩΝ.ΝΕΧΟΝΛΑΜΒΝΟΝΟΣΠΑΝΟΣΝΑΤΑΟΥΤ

139 1690 768 1765 ΙΔΚΑΠΩΝΕΝΕΑΛΛΟΜΟΝΩΝ.
805 1684 897 1756 Haeo
913 1683 1042 1755 misere
1061 1681 1219 1778 disjecta.
1249 1683 1440 1755 Neminem
1455 1707 1528 1754 mo-

136 1813 230 1886 verit
259 1811 353 1884 illud
377 1814 544 1884 ΠΑΝΟΣ
561 1807 600 1881 in
616 1818 765 1904 aspectu
785 1803 923 1877 nummi
946 1803 1142 1901 Myrensis'
1160 1803 1407 1888 inhaerentem,
1426 1803 1528 1897 quasi

136 1933 182 2006 de
207 1933 314 2006 bonis
337 1955 455 2004 sermo
478 1931 525 2003 sit
550 1929 658 2002 Panis
684 1927 851 2026 religioni
876 1923 1064 2021 cultuique
1083 1925 1293 2001 addicendis
1319 1925 1393 1997 fere
1417 1937 1460 1997 ut
1482 1925 1528 1997 de

137 2053 346 2152 Aphrodita
363 2053 532 2126 statuitur
548 2053 586 2125 in
604 2051 712 2125 titulo
729 2049 886 2146 quodam
905 2047 1034 2146 prioris
1052 2047 1166 2120 libri'.
1219 2048 1320 2120 Vera
1344 2046 1453 2118 lectio
1479 2047 1529 2117 ni·

137 2177 269 2248 mirum
288 2187 343 2246 est
367 2179 477 2248 ΝΑΠ
477 2178 554 2258 ΟΣ,
567 2185 609 2244 ut
633 2173 765 2243 iterum
794 2170 831 2242 in
851 2194 882 2240 v.
902 2171 973 2260 to,
1000 2164 1100 2262 quod
1116 2191 1204 2239 vero
1220 2165 1395 2263 effugerat
1412 2165 1528 2237 virum

137 2293 324 2366 eximium.
368 2292 503 2364 Vertas
520 2291 660 2385 reliqua
678 2287 865 2386 (14-16.)‚
889 2287 931 2362 de
949 2285 1033 2386 jura
1051 2285 1144 2384 quod
1168 2283 1351 2384 saeuique
1360 2283 1533 2384 pertineat

136 2417 332 2492 nullntmaas
355 2417 586 2492 deminutione
599 2416 715 2516 facta.
778 2400 1012 2506 Ἐμβάλλειν
1055 2424 1110 2483 est
1151 2411 1322 2502 invadere,
1365 2407 1541 2508 arlom'ri‘‚¹

138 2533 404 2636 ἐμβάλλεσθαι
429 2540 561 2632 invadi,
579 2535 781 2639 oppugnari.
832 2538 876 2610 In
894 2561 929 2608 v.
952 2539 1005 2608 18.
1026 2538 1065 2610 R.
1085 2543 1431 2612 ΛΟΝΝΑΤΛΟΣΗ.
1488 2539 1532 2609 In

139 2664 195 2734 19.
214 2657 338 2734 eadem
358 2661 487 2733 lacuna
503 2671 558 2731 est
575 2683 617 2730 ao
634 2658 672 2729 in
689 2669 828 2730 nostro:
858 2657 1100 2752 suppleverim
1121 2664 1257 2744 ΜΥΡΑ,
1283 2685 1365 2733 narn
1384 2657 1429 2730 de
1448 2685 1530 2731 one·

137 2785 243 2858 rariis
273 2783 506 2883 Myrensibus
534 2783 667 2880 agitur:
696 2783 801 2880 praeit
828 2805 974 2879 quoque
1001 2775 1221 2884 ἀναπλώσῃ.
1274 2786 1370 2859 Dein
1393 2785 1532 2881 reliqua

177 3011 280 3068 'Bene
297 3007 434 3068 oonvenit
453 3007 572 3067 lectioni
594 3003 811 3087 α’ποπτμμμίκ
860 3001 916 3062 les:
937 3003 1108 3061 dommum
1149 3005 1374 3064 consistendum
1385 3025 1455 3066 vero
1470 3007 1532 3083 opi-

138 3129 241 3168 sensus
264 3109 295 3166 in
318 3108 450 3186 Thuoyri
469 3125 508 3166 vt.
527 3105 574 3168 65.
596 3109 648 3166 Kal
665 3104 811 3181 ξύμπαντες
860 3119 915 3157 nor
947 3101 978 3157 in
1011 3101 1135 3159 lectione
1160 3121 1247 3177 quam
1274 3104 1305 3160 in
1332 3103 1396 3160 looo
1428 3103 1533 3160 foedato

138 3208 181 3274 ’.δι
194 3209 392 3288 ae'aengtaro'psm
407 3208 515 3276 iflollovr
527 3211 567 3266 iri
582 3209 623 3268 sir
637 3205 720 3263 ritca.
742 3205 810 3263 Scil.
860 3201 988 3277 praetuli.

136 3308 261 3384 myraei
301 3307 334 3364 Si
350 3306 441 3382 magis
453 3305 579 3363 arrideat
592 3301 809 3384 ἆποτιτςιμμίιι,
902 3299 1063 3356 “verbum
1079 3293 1150 3372 γε’μυ
1171 3301 1289 3376 proprio
1310 3320 1395 3358 sensu
1410 3299 1531 3357 donare

137 3403 811 3482 expediveriafortnsseexsignilioationequam
860 3398 993 3454 oneraria
1018 3409 1191 3474 usurpatur,
1212 3407 1248 3456 ut
1268 3399 1299 3454 in
1323 3400 1376 3456 loe.
1400 3398 1530 3473 Xenoph.

66 3481 72 3500 ⁸
137 3503 240 3589 medin
248 3503 313 3559 voci
327 3503 467 3559 tribuunt
476 3503 810 3578 lexicographinmolior,
861 3501 911 3556 cit.
939 3501 969 3556 in
993 3499 1046 3557 Th.
1071 3500 1209 3577 Stephon.
1240 3504 1312 3575 Γίμιι
1344 3500 1458 3580 aegrior,
1483 3507 1531 3559 ica

137 3601 239 3676 micio,
250 3619 337 3675 quam
349 3599 433 3657 video
443 3600 621 3658 illustratam
632 3601 662 3656 in
674 3600 731 3658 Th.
747 3601 811 3658 Ste-
862 3597 996 3677 ναύκληρος
1009 3595 1107 3679 aigina
1121 3596 1189 3657 lma
1202 3601 1303 3670 ἄγεται.
1335 3600 1529 3677 Hinc-muln,

137 3697 225 3776 phun.
250 3715 288 3754 ex
310 3695 463 3754 Plutarchi
487 3697 595 3755 Bruto:
615 3697 811 3779 α’ποτριβὸμιης
861 3697 1001 3774 malopem
1015 3699 1044 3754 in
1063 3699 1140 3759 Orat.
1155 3699 1219 3756 adv.
1232 3699 1339 3773 Leptin.
1355 3717 1393 3755 lx.
1408 3712 1438 3756 et
1452 3701 1530 3759 alibi.

137 3799 207 3876 (leg.
222 3795 429 3876 α’τοτμβομίνου
446 3793 543 3872 ll)rat;
557 3793 643 3862 Νῆις
657 3802 685 3856 vi
707 3801 810 3875 πρὸτον.
903 3797 1009 3854 'Vide
1031 3797 1160 3855 Fellows.
1197 3797 1253 3854 vol.
1279 3815 1309 3854 11.
1337 3799 1471 3874 Append.
1498 3801 1530 3858 Β.

138 3898 234 3956 Locus
247 3905 294 3954 est
307 3896 454 3954 inoxvu.
468 3905 536 3954 ante
546 3897 620 3954 med.
654 3897 814 3956 Siosorent
863 3916 890 3974 p.
902 3899 968 3962 459.
983 3917 1020 3956 ex
1029 3896 1199 3966 Mionnetio‚
1214 3906 1283 3954 tom.
1294 3915 1348 3954 vu.
1362 3899 1511 3975 Supplem.

137 4003 171 4054 τὰ
200 4001 286 4056 raaia
314 3993 524 4074 ἐποπτςιμμίια
547 4015 611 4072 quae
637 3996 815 4054 venumdata
902 3999 1010 4058 'Confi
1034 4000 1114 4058 Fuso.
1129 4017 1160 4056 11.
1179 4019 1206 4076 p.
1220 4004 1267 4060 53.
1282 4017 1445 4058 ntxxvur.
1460 4009 1486 4068 9.
1501 4015 1531 4062 et

138 4094 311 4154 fuerantvel
321 4094 472 4171 publicata
485 4107 605 4170 propter
618 4093 695 4170 leges
708 4105 810 4171 portu·
861 4096 928 4154 infr.
942 4115 998 4156 ooc.
1009 4095 1036 4156 6.
1052 4113 1141 4154 econ.
1157 4097 1183 4160 7.

139 4215 219 4254 ennes
242 4195 394 4252 infractus.
450 4193 546 4250 Possis
573 4193 661 4250 etiam
688 4203 809 4262 vertere,
902 4195 1224 4272 *videunaptoyrt
1254 4215 1296 4256 111.
1318 4219 1344 4274 p.
1371 4199 1417 4261 78.
1438 4199 1530 4260 d.v11.

140 4298 234 4355 atrito
247 4313 339 4364 mvsa,
356 4313 409 4352 neo
428 4294 552 4370 amplius
567 4293 738 4369 trajiciendo
752 4295 811 4352 uti·
861 4315 889 4372 p.
908 4297 969 4360 175.
984 4315 1009 4354 a.
