4028 5258
142 527 401 608 marmorum]
586 577 590 586 .
799 520 952 586 LIBYA.
1498 519 1557 584 361

224 715 433 812 Descripta
448 715 610 789 indidem
628 715 673 789 de
690 714 781 790 facie
800 716 1027 790 occidentali.
1068 717 1227 790 Pessime
1244 715 1410 790 habiturn
1427 717 1555 813 reperi,

141 835 327 932 adeoque
345 835 561 922 mutilatum,
579 849 621 910 ut
637 835 684 910 de
703 861 810 910 sensu
827 837 948 934 aliquo
966 836 1180 910 extricando
1196 836 1261 910 diu
1278 835 1554 933 desperaverim.

141 959 298 1031 Iterato
327 957 457 1054 saepius
487 970 620 1032 conatu
642 957 807 1054 quaedam
836 959 882 1032 de
911 961 1108 1032 Memnone
1138 957 1255 1031 vocali
1285 957 1419 1053 scripta
1445 955 1556 1028 fuisse

141 1077 365 1174 suspicatus
391 1100 480 1162 sum,
497 1075 610 1171 idque
628 1101 676 1149 ex
693 1101 725 1149 v.
744 1079 778 1150 2.
797 1077 861 1150 ubi
889 1082 1099 1152 ΜΕΜΝΟΝ
1119 1077 1187 1150 sub
1204 1075 1298 1148 med.
1318 1075 1469 1173 agnovi:
1499 1073 1557 1146 de·

142 1193 237 1266 inde
257 1192 406 1266 facilior
422 1193 568 1290 patebat
584 1193 644 1266 via
660 1191 707 1266 ad
723 1205 853 1286 cetera,
871 1219 1024 1292 quorum
1051 1194 1206 1293 plurima
1230 1195 1420 1268 innotuere
1438 1219 1486 1267 ex
1505 1219 1557 1267 so·

142 1313 254 1387 lenni
274 1313 434 1386 formula
451 1314 757 1400 Memnoniorum,
778 1315 852 1388 scil.
879 1315 925 1389 de
952 1329 1044 1403 ortu,
1062 1341 1162 1402 voce,
1188 1315 1303 1390 tutela
1328 1314 1445 1390 Jovis.
1498 1316 1556 1386 En

142 1434 341 1509 fructum!
397 1433 470 1510 Sed
495 1435 534 1507 in
559 1436 717 1509 carmine
745 1436 890 1533 penitus
916 1437 1168 1512 concinnando
1194 1438 1289 1510 inter
1313 1446 1369 1508 tot
1394 1460 1472 1508 aevo
1498 1437 1556 1508 ab·

145 1567 305 1653 sumpta
322 1553 446 1627 dolere
463 1565 576 1627 restat
591 1555 720 1628 inritos
737 1568 898 1630 conatus.

227 1673 398 1750 Videtur
422 1673 568 1770 quidam
594 1674 668 1748 huc
693 1674 879 1772 adpellens
897 1700 946 1748 ex
963 1674 1048 1750 sede
1068 1675 1252 1749 Thebaica
1269 1687 1396 1748 statuas
1413 1698 1555 1748 canorae

145 1794 387 1885 meminisse3
414 1792 478 1867 sed
495 1816 567 1890 qua
584 1793 630 1868 de
647 1820 765 1889 causa,
792 1796 963 1892 quotins,
989 1821 1046 1870 me
1073 1796 1189 1870 fateor
1217 1821 1266 1868 ex
1291 1795 1466 1893 fragmine
1484 1795 1554 1868 hoo

145 1914 305 2008 poetico
334 1914 542 1988 nullatenus
572 1915 800 2012 comperisse.
854 1914 963 1990 Certe
992 1913 1232 2010 quorumdam
1257 1912 1327 1987 fuit
1352 1913 1415 2009 qui
1441 1915 1554 1985 Mem-

147 2058 293 2108 nonem
312 2034 518 2120 inviserant,
537 2058 649 2130 quum
667 2033 753 2106 alibi
771 2033 913 2106 visendi
935 2059 1043 2107 causa
1069 2045 1387 2116 commorarentur,
1405 2033 1555 2105 miracu·

147 2153 230 2226 lum
243 2154 373 2227 vocale
386 2153 555 2228 laudibus
568 2152 716 2238 efferre;
731 2179 791 2228 ex.
804 2179 855 2253 gr.
870 2154 909 2226 in
920 2155 1026 2228 titulo
1034 2153 1257 2229 Wilkinsoni
1271 2153 1367 2251 apud
1383 2153 1553 2252 Syringas

148 2271 344 2372 descripto
362 2273 520 2371 quidam,
550 2273 694 2346 nomine
721 2275 922 2361 Heraclius,
941 2287 978 2348 et
994 2275 1072 2372 ipse
1091 2276 1278 2348 Musarum
1296 2274 1472 2358 alumnus,
1500 2299 1554 2346 su·

150 2417 220 2489 pra
252 2419 381 2468 omnes
410 2393 556 2468 extollit
582 2392 800 2470 Memnonem
829 2394 1105 2470 divinissimam.
1178 2395 1268 2469 Tale
1301 2393 1415 2491 possit
1443 2392 1552 2466 luisse

151 2525 416 2611 argumentum
444 2512 707 2586 versiculorum
735 2537 827 2610 quos
857 2537 955 2586 nunc
978 2524 1193 2586 tractamus:
1223 2511 1456 2584 Memnonem
1485 2511 1553 2582 etsi

151 2659 248 2709 voce
267 2635 390 2721 fracta,
409 2633 524 2734 effigie
543 2634 738 2721 dimidiata,
764 2635 846 2732 plus
872 2632 1117 2708 admirationis
1135 2633 1230 2707 ciere
1248 2657 1355 2728 quam
1382 2631 1553 2704 miracula

152 2757 244 2829 artis
263 2755 460 2829 hodiemae.

231 2879 367 2952 Habeo
396 2889 478 2950 ante
507 2875 631 2950 oculos
663 2872 886 2971 exemplaria
916 2869 1125 2947 Cailliaudii
1158 2880 1196 2942 et
1225 2865 1352 2966 Hydii,
1380 2866 1417 2940 in
1447 2865 1549 2940 libris

153 3022 269 3096 supra
295 2996 402 3071 dictis
429 3019 611 3094 expressa,
639 2994 704 3068 sed
733 3004 909 3090 quantum
940 2989 1151 3064 adminiculi
1176 2986 1369 3063 conserunt
1398 2986 1553 3084 intelligi

153 3131 281 3212 potest
297 3143 346 3191 ex
364 3141 463 3215 seqq.
500 3118 568 3191 Vs.
591 3119 620 3189 1.
643 3113 681 3191 0.
700 3127 756 3188 est
774 3111 1551 3220 ΕΛΤΕΡΟΝΜΗΓ..οΓΠ....ΥΛΗνΟΤΙ,

154 3239 206 3315 Η.
228 3244 721 3318 ΕΑἹἘΡΟΝΗΕ........Η.
767 3237 799 3308 2.
822 3232 861 3310 C.
889 3231 1553 3320 -Ι-ΥΝΕΧΗΟΕΧΙΕΙΟΥΕωΕωΟωΥ

154 3366 342 3438 ΔΥΙΟΝΛ
357 3365 569 3444 .ΟΥΔΛΤΙ,
595 3355 643 3430 Η.
667 3360 902 3444 -1-ΥΝΕΧΕΕ.
916 3359 960 3426 Ε.
978 3405 988 3425 .
1006 3355 1216 3425 ΠΟΝΑΟΟ.
1269 3349 1344 3422 Hic
1369 3358 1479 3421 restat
1502 3345 1551 3418 H.

155 3480 203 3554 ob
221 3481 366 3578 reliqua
382 3479 529 3552 omnino
547 3476 701 3550 exoleta.
754 3473 880 3571 Pergit
904 3470 943 3549 C.
962 3471 1000 3544 in
1019 3473 1053 3544 3.
1072 3476 1182 3546 ctt.
1198 3522 1208 3543 .
1224 3475 1362 3545 .ΟΝΕ.
1377 3474 1479 3544 ΝΟΑ
1494 3474 1551 3544 .0

155 3605 451 3686 0[Ν.ΛΠΜΙ,
478 3610 516 3673 et
540 3599 578 3672 in
596 3601 631 3670 4.
651 3603 851 3672 ΥΗΙΔΙω.
873 3647 882 3667 .
903 3601 983 3668 ΜΕΙ
1004 3599 1184 3667 ...ΕΓΑ.
1202 3597 1459 3667 ,ratmont
1481 3599 1548 3664 Ν.

155 3717 260 3808 Haec‚
287 3730 330 3793 ut
356 3731 478 3791 nostra
507 3715 743 3814 explicatiora
771 3713 936 3798 reddant,
965 3711 1282 3809 aenigmatistarum
1305 3708 1388 3782 filiis
1412 3707 1549 3806 linquo.

155 3839 242 3915 Hoc
272 3840 464 3913 dumtaxat
493 3833 714 3910 monendum
749 3845 813 3920 est,
848 3831 948 3929 quod
981 3836 1109 3906 ΑΥΟΝ
1144 3830 1291 3928 ponitur
1320 3829 1359 3900 in
1388 3828 1453 3901 ult.
1484 3853 1550 3926 pro

157 3965 306 4045 ΗΧΟΝ,
332 3957 407 4033 fere
425 3969 477 4050 ut,
494 3956 674 4030 constanti
691 3978 823 4040 errore,
849 3951 983 4027 Saltius
1000 3949 1038 4024 in
1056 3950 1284 4024 Memnoniis.
1317 3947 1423 4023 Conf.
1443 3973 1551 4046 supra

157 4102 328 4157 cccnxxr.
347 4083 402 4152 11.
432 4099 614 4155 cccxxxv.
634 4077 666 4149 6.
