3918 5240
109 543 492 629 usonooextxccoxn]
699 537 935 605 XANTHUS.
1446 541 1505 606 107

109 737 167 810 ubi
190 735 375 810 suenum
392 729 543 831 Lyciam
559 727 762 829 Xanthique
776 727 913 827 fluenta
930 725 1077 814 Deserit,
1095 751 1137 802 ue
1153 725 1283 803 Delum
1308 741 1506 803 maternam

110 856 229 932 maisit
248 851 385 954 Apollo.
439 850 614 926 Concinit
630 873 861 925 nummorum
878 846 988 922 fides.

182 977 232 1049 In
252 999 311 1047 vv.
330 974 415 1046 2-5.
434 969 599 1043 innuitur
614 967 843 1068 gymnasium
860 965 1044 1040 exstitisse
1063 964 1238 1051 Gerusiae,
1256 961 1302 1037 de
1321 987 1395 1060 quo
1412 965 1504 1038 conf.

109 1098 208 1172 dicta
237 1093 286 1168 ad
309 1093 363 1166 tit
384 1101 496 1164 nostr.
516 1111 610 1165 σωκ.
632 1092 662 1162 1.
726 1089 811 1186 Ipsa
833 1098 911 1160 erat
937 1085 1037 1159 curia
1061 1085 1253 1170 seniorum,
1271 1083 1355 1158 ideo
1372 1084 1432 1159 hic
1449 1110 1506 1182 ap

109 1223 244 1323 pellata
263 1204 486 1311 σεμνοτάτη,
504 1228 546 1289 ut
563 1204 765 1308 Συνέδριον
783 1199 1025 1303 σεμνότατον,
1051 1209 1090 1282 in
1116 1209 1219 1283 Fuso.
1237 1231 1274 1283 11.
1299 1235 1336 1282 n.
1351 1232 1504 1285 chxvl.

109 1348 166 1420 23.
222 1341 360 1414 Vertat
378 1359 475 1432 seqq.
493 1331 658 1410 absolutis
675 1343 706 1408 et
714 1330 880 1432 pluribus
897 1330 980 1404 aliis
996 1327 1258 1430 moqutratibsu
1274 1329 1437 1423 aetna
1455 1355 1505 1403 sc.

110 1467 316 1570 municspcl.
374 1460 538 1535 Additur
565 1447 761 1533 πολιτικὰς
780 1455 1057 1530 existimationis
1083 1454 1258 1552 augendae
1284 1479 1399 1528 causa.
1461 1457 1506 1528 In

110 1587 143 1657 9.
162 1609 191 1656 s.
211 1580 379 1657 conferas
397 1572 594 1679 ἀνέστησα
610 1594 648 1656 et
664 1571 759 1654 κατὰ
777 1569 824 1653 τὰ
844 1569 1089 1679 ἐψηφισμένα
1105 1602 1188 1652 oum
1206 1602 1310 1675 prox.
1329 1603 1386 1651 vv.
1402 1579 1434 1650 6.
1450 1581 1504 1652 10.

689 1845 884 1923 CCCXX.
911 1847 934 1918 i.

318 1995 575 2068 ΝΝΕΙῚΑΦΡΟ
1005 1991 1105 2070 Αἴων
1123 1987 1353 2096 Ἐπαφροδί-

315 2119 560 2188 ΤΟΥΤΟΥΑΙ
1007 2145 1074 2191 τον
1093 2117 1160 2192 τοῦ
1176 2109 1243 2190 Αἵ-

319 2240 636 2336 ααοῑξΑαθιο
1006 2261 1111 2324 ωνος,
1131 2223 1306 2324 Ξάνθιος,

317 2359 539 2428 ΙΕΡΑΕΑΜΕ
1005 2339 1247 2451 ἱερασάμενοο
1265 2353 1332 2426 τοῦ

239 2480 261 2548 5
317 2478 610 2548 ΠΑΤΡΝΟΥΘΕ
1003 2459 1177 2574 πατρῴου
1197 2467 1284 2545 θεοῦ

314 2601 665 2696 ΞΑΝοοΥΑΝεῑτ
1004 2583 1169 2686 Ξάνθου,
1190 2588 1271 2669 ἀνέ-

315 2719 570 2790 ΗΕΑΤΟΝΑΝ
1008 2743 1138 2810 στησα
1156 2706 1223 2790 τὸν
1242 2711 1369 2812 ἀνδρι-

315 2841 609 2910 ΑΝτΑεκταΝ
1005 2825 1338 2910 deaureata-

318 2959 647 3030 ΝΝΤΗΠΑΤΡΙΔΙ
1003 2983 1055 3029 ων
1074 2953 1120 3056 τῇ
1139 2951 1291 3053 πατρίδι
1310 2947 1404 3030 κατὰ

216 3077 264 3148 10
356 3073 483 3164 tte-tet
1004 3066 1051 3148 τὰ
1070 3070 1324 3176 ἐψηφισμένα.

185 3253 383 3350 Descripta
405 3253 451 3327 de
474 3253 611 3352 pariete
636 3256 774 3354 tugurii
792 3255 940 3330 Turcici
965 3256 1003 3329 in
1026 3257 1108 3330 vico
1126 3256 1260 3334 Konsilc
1281 3259 1340 3332 vel
1362 3258 1503 3334 Genua

112 3374 224 3473 Lapis
250 3385 330 3448 erat
354 3371 517 3472 fragmen
542 3374 639 3447 basis
665 3375 725 3448 cui
750 3375 931 3474 insculpta
956 3374 1074 3452 fiterat
1098 3382 1390 3455 commemoratio
1408 3382 1506 3458 dedi·

110 3494 265 3570 cationis
293 3503 422 3566 statuae
451 3517 500 3568 ex
526 3495 674 3593 proprio
701 3495 841 3572 civitati
868 3497 994 3594 patriae
1021 3498 1067 3572 ab
1085 3500 1214 3574 Aeone
1241 3501 1416 3590 Xanthia,
1442 3506 1506 3599 qui

111 3616 231 3690 fuerat
248 3614 420 3689 sacerdos
437 3615 497 3689 dei
514 3615 668 3703 Xanthi,
687 3627 756 3690 etc.

185 3735 458 3809 Morimentum
474 3738 593 3835 reperi
610 3739 703 3812 male
720 3735 883 3812 habitum
901 3741 1119 3837 titulumque
1140 3743 1178 3814 in
1201 3742 1353 3817 exordio
1375 3757 1413 3818 et
1433 3745 1504 3819 fine

112 3857 356 3932 decurtatum.
400 3858 444 3930 In
461 3883 495 3932 v.
518 3863 550 3932 1.
569 3858 799 3934 manifestum
816 3873 872 3934 est
888 3861 1178 3960 supplementum
1193 3863 1331 3960 justum
1349 3866 1505 3938 nominis

112 3981 280 4056 dimotis.
316 3981 457 4054 Versus
470 3985 582 4058 4-10.
601 3981 764 4057 conseras
781 4007 865 4057 cum
886 3987 965 4058 1-2.
984 3985 1092 4058 8-11.
1110 3985 1307 4083 praegressi,
1321 3997 1357 4059 et
1374 3987 1505 4061 notatis

114 4293 137 4350 P
152 4201 160 4232 ¹
180 4201 269 4261 cons
290 4199 411 4354 Eqkhgl.
428 4217 471 4262 111.
493 4222 522 4280 p.
532 4201 552 4268 7
553 4245 560 4262 .
573 4205 602 4262 b.
651 4203 760 4264 Cultus
774 4203 948 4282 Apollineus
961 4205 1110 4264 indicatur
1126 4223 1184 4264 non
1204 4225 1287 4266 secus
1299 4225 1333 4265 aa
1346 4207 1377 4264 in
1390 4217 1505 4267 moneta

137 4303 265 4353 sums
278 4311 307 4371 μ
342 4339 349 4352 .
